2934 4860
152 324 213 387 284
658 323 777 392 Anhang
794 323 826 376 ll.

153 494 184 552 et
206 487 300 552 vestis
322 488 475 566 militaris,
497 489 552 553 sed
573 489 750 572 ignominia
771 490 907 555 afficitur
930 490 1059 556 detectis
1082 492 1276 571 criminibus
1298 499 1325 558 et

153 588 295 671 quamvis
315 611 347 653 se
362 589 465 672 ipsum
487 589 572 652 solus
588 589 729 652 nominet
750 590 891 669 militem,
907 589 989 654 nihil
1009 591 1069 655 nisi
1085 597 1249 657 externam
1268 596 1324 658 for·

151 710 229 751 mam
251 688 381 752 militiae
403 688 508 766 habet,
524 710 585 770 qua
607 688 735 752 indutus
758 691 814 766 est,
833 710 957 773 quaque
978 690 1024 769 fit,
1044 694 1081 754 ut
1101 691 1164 756 sibi
1184 715 1322 778 arrogare

151 787 257 870 possit.
290 796 336 853 15.
359 788 410 852 Sic
432 789 562 871 quidam
584 788 643 871 ipsi
665 787 851 871 gloriantur,
872 811 905 852 se
927 788 1113 854 christianos
1136 813 1214 871 esse,
1229 815 1322 876 neque

150 893 255 951 tamen
287 886 433 970 operibus
455 887 556 950 induti
587 892 666 950 sunt.
713 892 760 951 16.
787 883 999 952 Nominantur
1029 893 1061 953 et
1085 913 1104 954 a
1125 890 1194 956 Deo
1228 897 1260 958 et
1286 893 1321 956 ab

149 985 329 1051 hominibus
351 989 535 1063 daemones,
562 1008 625 1050 non
648 985 730 1050 enim
751 989 885 1051 oderunt
907 1008 1003 1070 opera
1028 993 1171 1071 satanae,
1192 995 1246 1056 sed
1267 992 1319 1075 ipsi

149 1085 238 1150 infixi
260 1091 341 1150 sunt
393 1093 439 1153 16.
461 1084 553 1149 Tales
575 1085 673 1168 igitur
694 1085 747 1150 hic
774 1107 888 1149 nomen
916 1108 1021 1150 eorum
1051 1089 1275 1156 nanciscuntur
1293 1094 1319 1155 et

149 1186 182 1248 in
204 1186 303 1250 altero
328 1185 398 1249 loco
421 1184 516 1249 sortis
538 1205 645 1247 eorum
673 1184 754 1247 fiunt
780 1184 956 1267 participes.
1002 1190 1048 1252 18.
1070 1186 1164 1253 Dicet
1185 1190 1269 1255 enim
1287 1191 1318 1255 iis

149 1284 286 1348 salvator
309 1285 362 1348 illa
384 1285 446 1350 die:
474 1284 632 1348 Discedite
655 1307 673 1347 a
694 1306 758 1361 me,
780 1283 946 1364 maledicti,
967 1283 1001 1347 in
1025 1285 1133 1369 ignem
1155 1293 1316 1365 aeternum,

149 1383 204 1465 qui
225 1387 353 1466 paratus
376 1389 423 1448 est
437 1382 561 1447 diabolo
576 1387 608 1446 et
628 1381 749 1466 angelis
764 1381 839 1465 ejus
881 1389 928 1446 19.
952 1381 1117 1458 Quomodo
1133 1388 1219 1454 enim
1234 1410 1317 1475 opera

149 1482 215 1564 ejus
238 1486 421 1546 amaverunt
436 1488 667 1566 superterram,
689 1488 721 1545 et
740 1481 788 1545 illi
810 1482 955 1547 associati
972 1486 1148 1554 ,manebant
1162 1510 1219 1572 per
1233 1490 1316 1554 vitan

149 1603 247 1659 suam,
270 1581 315 1645 sic
330 1581 424 1645 etiam
444 1582 491 1646 illi
512 1581 656 1646 associati
678 1585 770 1645 erunt
791 1581 824 1645 in
845 1581 978 1661 inferno,
993 1583 1019 1647 si
1039 1587 1159 1650 mortui
1181 1589 1315 1653 eruntin

148 1680 212 1744 suis
234 1681 404 1744 immundis
419 1681 654 1746 intentionibus.
693 1687 741 1748 20.
763 1681 864 1746 Decet
878 1682 962 1746 enim
977 1682 1193 1767 christianum,
1208 1693 1243 1752 ut
1261 1709 1315 1753 am-

148 1781 235 1844 bulet
255 1781 289 1844 in
310 1781 466 1845 mandatis
482 1780 606 1859 Christi,
628 1781 827 1845 assimulatus
843 1781 919 1860 Dec,
940 1782 1022 1846 sicut
1043 1782 1100 1847 filii
1122 1786 1229 1852 dilecti
1250 1787 1314 1853 assi-

147 1881 309 1945 mulantur
342 1881 375 1943 in
404 1880 488 1944 omni
523 1900 557 1943 re
585 1880 717 1944 Christo
760 1886 809 1946 21.
840 1879 953 1964 Neque
984 1881 1068 1945 enim
1098 1884 1314 1970 blasphemant,

147 2003 249 2064 neque
271 1985 462 2059 scortantur,
484 2003 584 2064 neque
606 1985 680 2043 sunt
700 1979 856 2053 irrisores,
879 2001 980 2063 neque
1002 1981 1242 2063 obtrectatores,
1258 2008 1314 2050 non

147 2081 257 2145 vitiose
272 2081 382 2144 vivunt
397 2102 468 2143 cum
490 2079 598 2144 otiosis
616 2079 806 2158 mulieribus,
821 2103 840 2143 a
854 2079 1024 2144 mendaciis
1045 2087 1121 2146 sunt
1141 2084 1247 2164 alieni,
1259 2107 1314 2150 non

147 2181 277 2263 cupiunt
298 2203 343 2257 ea,
366 2201 446 2263 quae
467 2184 606 2256 pereunt,
627 2201 690 2243 non
712 2183 785 2241 sunt
806 2183 1021 2255 contumaces,
1044 2203 1147 2265 neque
1169 2190 1314 2250 amatores

146 2279 239 2346 venti.
255 2301 356 2363 neque.
372 2278 566 2343 iracundiam
582 2277 731 2341 adversus
746 2277 882 2361 aliquem
903 2279 1048 2356 retinent,
1063 2304 1127 2345 non
1149 2290 1226 2348 sunt
1240 2306 1314 2349 mur-

145 2384 312 2457 murantes,
333 2401 433 2461 neque
451 2377 596 2460 judicant
616 2399 666 2441 res
688 2377 813 2452 alienas,
835 2399 938 2461 neque
959 2379 1151 2462 dispertiunt
1172 2385 1314 2466 patrimo-

146 2478 197 2542 nia
219 2502 275 2542 sua
293 2479 332 2541 ad
353 2477 494 2562 negotia,
521 2476 690 2560 inquibus
720 2475 807 2540 nulla
837 2475 934 2554 salus,
959 2499 1062 2560 neque
1088 2480 1257 2563 perficiunt
1276 2505 1314 2559 ea,

146 2600 226 2661 quae
248 2577 311 2662 legi
326 2599 389 2640 non
405 2580 587 2653 consonant,
602 2597 703 2660 neque
719 2575 872 2657 abjiciunt
892 2575 1150 2645 misericordiam.
1184 2587 1232 2649 22.
1253 2582 1314 2647 Fal-

146 2699 216 2740 sum
237 2676 452 2740 testimonium
474 2699 537 2740 non
560 2674 780 2760 pronuntiant,
803 2696 904 2758 neque
926 2696 1066 2757 voraces,
1088 2700 1193 2764 neque
1214 2682 1314 2757 bibuli,

145 2798 246 2860 neque
269 2776 388 2858 cupidi,
410 2797 512 2859 neque
534 2780 688 2840 amatores
710 2775 832 2847 mundi,
855 2797 957 2858 neque
978 2781 1134 2842 amatores
1158 2782 1315 2847 mulierum

145 2880 230 2950 sunt,
253 2879 306 2938 sed
329 2875 382 2938 uni
405 2875 533 2959 conjugi
555 2875 615 2938 rito
637 2874 834 2938 matrimonio
851 2873 967 2954 juncti,
989 2897 1053 2940 non
1074 2877 1237 2959 invidiosi,
1257 2903 1315 2946 non

145 2975 340 3059 negligentes
360 2976 393 3038 in
407 2974 642 3059 frequentandis
665 2974 812 3053 ecclesiis,
826 2972 907 3036 filios
922 2995 995 3037 suos
1013 2974 1149 3041 educant
1162 2978 1196 3042 in
1210 2980 1317 3045 timore

145 3073 221 3153 Dei,
243 3096 345 3157 neque
370 3074 500 3158 fugiunt
521 3098 539 3137 a
560 3073 839 3158 persecutionibus.
881 3077 930 3138 23.
960 3070 1100 3137 Lectioni
1131 3081 1164 3140 et
1193 3079 1317 3144 medita·

144 3174 236 3253 tioni,
259 3174 343 3258 quod
370 3174 549 3253 audierunt,
579 3172 778 3248 incumbunt,
806 3172 846 3235 ab
868 3170 991 3254 injuriis
1013 3172 1190 3258 abstinent,
1211 3200 1317 3244 manus

145 3296 252 3337 eorum
275 3296 338 3337 non
360 3279 434 3337 sunt
451 3274 564 3338 celeres
586 3272 626 3336 ad
648 3270 893 3355 percutiendum,
909 3270 1050 3335 celeriter
1070 3278 1177 3340 autem
1198 3279 1318 3344 solvunt

145 3394 198 3436 aes
220 3373 367 3453 alienum,
383 3396 421 3436 ne
436 3377 566 3456 propter
580 3394 633 3436 eos
648 3371 882 3455 blasphemetur
896 3390 1011 3433 nomen
1027 3370 1155 3440 domini
1179 3384 1228 3444 24.
1246 3378 1317 3443 Non

145 3477 218 3534 sunt-
239 3472 337 3554 pigri,
368 3493 432 3535 non
463 3471 691 3535 obliviscuntur
711 3469 933 3551 indigentium,
956 3469 1010 3552 qui
1032 3470 1072 3533 ab
1098 3471 1137 3536 iis
1160 3481 1318 3561 expetunt

144 3592 207 3634 non
230 3569 395 3654 divulgant
416 3576 536 3636 secreta
559 3570 618 3634 sibi
641 3570 834 3648 concredita,
855 3566 1007 3632 terminos
1029 3591 1093 3634 non
1115 3575 1319 3656 transferunt,

143 3692 268 3734 usuram
290 3692 353 3733 non
376 3674 516 3753 captant,
535 3674 608 3733 sunt
628 3670 735 3753 potius
756 3672 910 3731 amatores
931 3669 1189 3752 peregrinorum,
1211 3682 1286 3740 cont
1307 3710 1320 3723 -

143 3769 236 3833 melia
257 3790 319 3832 non
343 3767 487 3832 afficiunt
509 3791 570 3848 eos,
593 3771 646 3855 qui
668 3793 685 3833 e
706 3769 879 3855 longinquo
897 3765 1036 3846 veniunt,
1057 3771 1112 3834 sed
1134 3773 1168 3836 in
1190 3797 1319 3840 numero

142 3869 279 3933 filiorum
301 3890 430 3933 suornm
453 3891 506 3933 eos
528 3870 652 3948 babent,
667 3890 732 3933 non
753 3871 827 3932 sunt
848 3864 996 3951 difficiles,
1012 3866 1046 3931 in
1061 3869 1164 3936 dando
1187 3879 1221 3939 et
1241 3874 1319 3940 acci·

144 3969 267 4052 piend0‚
283 3967 401 4052 duplici
422 3990 568 4033 mensura
589 3973 628 4033 ad
649 3971 825 4034 librandum
840 3969 871 4028 et
885 3962 1076 4032 metiendum
1094 3992 1160 4035 non
1180 3981 1320 4054 utuntur,

144 4089 245 4151 neque
267 4074 451 4132 cunctanter
471 4075 502 4132 et
523 4070 722 4162 negligenter
742 4074 841 4154 agunt
863 4068 895 4133 in
909 4067 1112 4149 perceptione
1133 4095 1157 4138 s.
1181 4097 1320 4141 commn-

141 4167 245 4230 nionis
268 4167 350 4230 etin
374 4168 616 4232 adorationibus.
648 4175 696 4234 25.
717 4168 904 4232 duramenta
923 4165 1053 4232 omnino
1074 4191 1140 4235 non
1160 4176 1319 4256 adhibent,

141 4288 242 4349 neque
270 4288 341 4329 cum
367 4267 475 4331 alienis
507 4267 703 4335 familiariter
723 4270 844 4349 vivunt,
866 4269 934 4336 Deo
964 4269 1135 4337 servientes
1163 4278 1196 4338 et
1224 4296 1319 4359 opera
