2934 4860
316 102 387 156 erei
405 103 567 171 Fragments
584 104 820 175 Hippolyteiseher
836 107 990 177 Predigteu.
1185 117 1245 179 233

63 272 142 337 vies
186 274 236 337 30.
257 270 392 352 Propter
411 274 510 355 quod,
532 270 683 335 carissimi
704 272 796 355 milri,
818 274 921 358 fugite
943 276 984 339 ab
1007 275 1161 341 idolorum
1181 277 1246 341 cul-

63 376 150 447 tura,
172 392 255 455 quae
276 374 325 434 est
345 369 501 451 superbia.

149 468 190 534 II.
229 476 255 533 1.
277 468 318 534 Et
335 491 474 533 amemus
493 469 573 533 alter
587 470 722 535 alterum
737 471 878 549 invicem,
893 494 1033 536 amemus
1048 474 1142 539 etiam
1157 498 1245 558 pere-

62 571 190 653 grinos,
220 590 359 632 amemus
389 567 577 641 doctrinam,
604 569 826 655 fugiamusque
859 571 897 635 ab
925 572 1011 634 omni
1037 574 1122 638 socio
1149 575 1243 639 malo.

63 674 93 735 2.
115 668 171 732 Ad
197 690 304 731 servos
331 672 434 730 autem
456 667 516 730 Dei
543 668 687 733 celeriter
716 691 875 733 curramus
898 674 929 733 et
955 670 1088 735 libenter
1109 694 1180 736 cum
1206 672 1245 737 iis

62 768 147 833 festa
180 788 327 852 agamus,
356 767 527 830 secundum
560 767 604 843 id,
634 772 719 850 quod
750 768 830 831 dixit
860 770 1019 851 quondam
1048 770 1178 854 abigail
1205 772 1245 835 ad

63 866 232 931 Davidem:
254 866 336 930 Eece
357 865 476 930 famula
497 874 551 930 tua
566 872 675 949 parata
695 866 737 929 sit
757 866 790 929 in
812 868 967 944 ancillam,
988 872 1024 931 nt
1045 868 1130 933 lavet
1151 869 1244 953 pedes

64 987 229 1030 servorum
253 965 373 1028 domini
402 966 473 1030 mei.
516 972 543 1029 3.
566 964 719 1031 lavemus
750 966 848 1049 igitur
878 972 909 1031 et
942 990 1001 1031 nos
1031 969 1125 1052 pedes
1155 991 1243 1033 sano-

69 1070 186 1144 torum,
208 1068 243 1127 ut
264 1064 429 1128 audiamus
451 1087 532 1142 eum,
557 1065 611 1149 qui
633 1066 735 1145 major
756 1070 803 1129 est
818 1065 947 1146 Davide,
961 1066 1071 1131 lesum
1087 1066 1246 1133 Christum

65 1164 232 1229 dominum
245 1170 397 1241 nostrum,
415 1164 529 1248 [angeli
543 1164 661 1227 liabent
676 1186 748 1227 suas
766 1165 929 1246 stationes]
947 1166 1000 1249 qui
1014 1170 1099 1230 ramat
1120 1189 1245 1231 omnem

62 1285 190 1329 summo
199 1263 304 1327 studio
313 1264 529 1327 observantem
539 1266 687 1327 mandata
697 1264 822 1346 ejus,itn
834 1264 1001 1329 dicentem:
1011 1265 1145 1351 image,
1156 1290 1245 1332 serve

63 1362 146 1427 bone
162 1365 195 1426 et
208 1362 320 1441 fidelis,
343 1364 417 1445 quia
432 1384 527 1445 super
541 1384 642 1444 pauca
656 1362 744 1426 fuisti
759 1362 868 1437 fidelis,
891 1386 986 1446 super
1001 1366 1100 1429 multa
1115 1371 1146 1429 te
1168 1388 1244 1430 con·

63 1460 207 1535 stituam;
228 1461 312 1525 intra
326 1462 359 1524 in
376 1461 526 1546 gaudium
543 1461 663 1525 domini
683 1462 737 1525 tui.
776 1469 803 1527 ἴ).
825 1462 981 1526 Futurum
1003 1472 1050 1529 est
1071 1486 1186 1535 revera,
1209 1472 1245 1529 nt

63 1558 148 1625 dicat
169 1558 338 1644 unicnique
359 1566 515 1634 nostrum,
548 1561 602 1643 qui
625 1562 811 1643 congregati
833 1584 942 1626 sumus
961 1562 994 1625 in
1016 1565 1142 1627 nomine
1164 1565 1243 1647 ejus:

64 1664 92 1725 6.
114 1658 239 1736 Venite,
262 1659 416 1723 benedicti
432 1661 529 1743 patris
544 1661 613 1725 mei.
637 1659 795 1741 possidete
810 1666 955 1741 paratum
970 1662 1058 1726 vobis
1075 1683 1242 1746 regnuma

63 1760 290 1823 constitutione
305 1758 424 1822 mundi.
467 1758 594 1821 Esurivi
609 1763 641 1820 et
658 1758 786 1821 dedistis
801 1760 879 1823 inihi
892 1761 1090 1828 manducare.
1111 1762 1196 1826 sitivi
1211 1769 1243 1827 et

63 1856 195 1921 dedistis
231 1856 309 1920 mihi
345 1858 466 1933 bibere,
504 1858 619 1939 hospes
651 1879 735 1922 eram
769 1864 801 1923 et
837 1860 1009 1943 collegistis
1039 1883 1103 1939 me,
1139 1865 1242 1925 nudus

62 1962 95 2021 et
120 1956 329 2039 cooperuistis
357 1979 415 2021 me.
452 1957 596 2020 infirmus
623 1961 654 2020 et
686 1956 835 2021 visitastis
862 1980 926 2039 me,
952 1958 1132 2025 incarcere
1158 1984 1243 2025 eram

63 2060 96 2119 et
124 2054 275 2119 visitastis
291 2078 348 2119 me.
401 2056 520 2139 Pergit:
549 2056 638 2121 Tunc
666 2058 903 2140 respondebunt
931 2059 959 2123 ei
984 2059 1063 2143 justi
1093 2060 1243 2125 dieentes:

63 2152 199 2231 Quando
213 2158 246 2219 te
260 2156 395 2219 vidimus
415 2155 601 2219 esurientem
620 2161 651 2219 et
671 2156 814 2239 pavimus
829 2162 859 2221 te
881 2162 913 2221 et
934 2164 1045 2231 cetera,
1068 2180 1148 2241 qnae
1169 2165 1242 2242 post

62 2254 142 2319 haec
163 2260 352 2337 sequuntur,
379 2254 509 2319 fecimus
531 2255 611 2319 tibi?
639 2256 678 2319 llt
699 2256 892 2339 respondens
912 2257 1007 2321 dicet:
1029 2257 1150 2322 Revera
1172 2259 1241 2323 dico

62 2354 169 2419 robis:
191 2353 351 2436 Quidquid
370 2354 506 2419 feceritis
527 2355 621 2419 alicui
643 2378 680 2418 ex
703 2355 752 2418 his
775 2356 908 2439 pusillis,
931 2358 991 2421 hoe
1013 2358 1091 2421 milri
1113 2358 1240 2423 fecistis.

62 2460 91 2519 ’1.
113 2452 212 2537 Cujus
239 2457 345 2516 autem
372 2475 449 2536 opus
476 2460 507 2518 et
536 2455 674 2518 strutium
701 2456 865 2540 vigilantia
897 2478 962 2519 non
988 2456 1177 2532 custoditur,
1209 2459 1240 2520 id

63 2552 211 2618 incendio
233 2552 396 2629 delebitur,
415 2554 489 2637 quia
503 2554 600 2618 vitam
616 2576 680 2618 non
702 2556 797 2619 habet
819 2554 851 2617 in
869 2554 993 2629 virtute,
1015 2556 1070 2619 sed
1092 2563 1139 2619 est
1159 2580 1240 2620 1111-

62 2656 153 2717 tuum
175 2651 209 2715 in
231 2652 442 2733 perversitate.
479 2658 506 2717 8.
528 2652 642 2737 Illique
664 2654 725 2738 ipsi
747 2656 839 2718 furno
862 2654 1007 2717 destinati
1031 2660 1113 2724 sunt.
1136 2655 1168 2719 id
1184 2663 1240 2729 est,

62 2752 200 2817 ludibrio
228 2756 317 2815 erunt
343 2751 484 2829 diabolo,
511 2753 563 2835 qui
596 2753 697 2835 primo
725 2775 780 2817 ore
806 2774 864 2816 suo
892 2754 1050 2818 dixerunt:
1080 2754 1240 2818 Renuntio

61 2850 136 2927 tibi,
160 2873 179 2914 o
202 2855 321 2924 satana:
348 2854 512 2933 jamvero
541 2852 688 2935 operibus
714 2854 778 2917 suis
803 2852 892 2915 malis
915 2856 955 2915 1111
974 2875 1044 2915 cum
1067 2858 1239 2917 recurrunt.

62 2956 91 3019 a.
113 2950 236 3015 Revera
262 2954 366 3012 autem
388 2948 531 3015 diabolus
553 2974 617 3015 non
638 2952 727 3017 valde
758 2951 893 3033 gaudere
912 2950 1033 3013 videtur
1054 2951 1092 3013 de
1115 2952 1164 3027 iis,
1186 2952 1240 3033 qui

62 3070 135 3115 oum
157 3050 225 3133 ipso
246 3052 320 3111 sunt
342 3054 372 3111 et
387 3050 426 3111 ad
447 3072 516 3113 eum
535 3048 702 3134 pertinent,
717 3052 799 3116 sieut
819 3049 875 3125 illi,
890 3050 945 3133 qui
967 3071 1097 3132 corpore
1113 3049 1239 3132 quidem

62 3150 228 3213 nobiscum
249 3152 332 3219 sunt,
354 3148 517 3212 animabus
539 3156 643 3213 nutem
664 3174 736 3215 cum
758 3151 821 3213 illo.
853 3156 900 3213 10.
925 3148 973 3212 lle
995 3148 1044 3211 his
1063 3148 1143 3211 dixit
1162 3170 1239 3230 apo·

62 3248 177 3312 stolus:
203 3246 400 3311 Confitentur
421 3270 454 3311 se
476 3270 567 3311 nosse
588 3249 698 3328 Deum,
721 3250 812 3315 factis
834 3254 938 3313 autem
961 3252 1085 3331 negant.
1123 3256 1169 3314 11.
1192 3248 1240 3311 De

62 3345 237 3429 iisdemque
259 3345 291 3408 in
315 3347 486 3427 proverbiis
508 3348 634 3412 dieitur:
677 3349 736 3413 Est
758 3349 840 3413 sieut
861 3346 959 3423 canis,
989 3346 1044 3429 qui
1074 3347 1241 3411 revertitur

62 3449 103 3511 cd
118 3446 272 3509 vomitum
294 3468 394 3521 suum,
410 3448 454 3511 sie
470 3448 657 3530 imprudens
672 3450 727 3531 qui
742 3449 835 3512 iterat·
854 3452 982 3531 peecata
1003 3470 1068 3511 sua.
1099 3452 1143 3512 12.
1161 3446 1238 3509 Bea-

61 3550 112 3609 tus
134 3550 240 3609 autem
261 3544 372 3609 Petrus
397 3549 435 3609 de
457 3546 494 3610 iis
516 3546 606 3610 dicit:
629 3547 707 3611 Esse
729 3548 845 3611 similes
867 3568 971 3629 porco,
994 3548 1047 3628 qni
1070 3552 1237 3629 postquam

61 3642 146 3709 lotus
169 3650 230 3721 est,
252 3644 413 3708 volutatur
434 3646 466 3708 in
488 3667 583 3709 coeno
605 3668 671 3709 suo.
716 3654 762 3713 13.
789 3646 831 3709 Et
851 3646 944 3727 hujus
967 3646 1092 3727 quidem
1115 3646 1238 3728 generis

61 3766 125 3809 non
148 3744 242 3828 pauci
263 3748 349 3821 sunt,
372 3748 409 3807 ut
430 3744 513 3808 dieat
534 3743 604 3825 quis
627 3766 732 3809 coram
755 3747 837 3809 Deo:
860 3745 1014 3827 Equidem
1037 3766 1161 3807 omnem
1184 3765 1238 3807 vo·

61 3844 217 3909 luntatem
238 3847 324 3905 tuam
343 3844 470 3919 taciem,
492 3846 546 3905 sed
568 3843 660 3905 simul
681 3845 773 3907 malis
799 3844 863 3907 suis
891 3843 1117 3907 intentionibus
1145 3843 1237 3905 etiam

60 3944 101 4009 ad
123 3944 306 4009 servitutem
328 3943 442 4006 diaboli
460 3941 660 4006 convertitur.
696 3949 741 4007 11.
764 3942 881 4006 Similis
904 3948 949 4006 est
971 3941 1073 4017 militi,
1089 3940 1143 4025 qui
1159 3940 1237 4005 acei-

60 4042 109 4125 pit
130 4040 258 4125 quidem
278 4042 425 4105 vestitum
452 4040 631 4118 militarem,
654 4062 755 4123 neque
784 4047 888 4104 tamen
915 4042 976 4125 ipsi
1003 4062 1094 4105 curae
1119 4046 1166 4103 est
1187 4062 1238 4103 res
