2934 4860
281 347 382 405 Sieben
398 364 470 403 neue
481 347 666 404 Broehsttoke
684 349 733 403 der
748 347 931 418 Syllogismen
950 349 997 403 des
1015 348 1132 420 Apelles
1238 357 1294 417 117

118 541 178 582 non
206 524 254 582 est
282 517 442 602 scriptura
467 537 505 579 ex
531 515 600 580 deo.
642 514 712 583 Hoo
739 517 822 582 enim
848 517 999 595 obiciunt,
1027 517 1083 600 qui
1105 517 1205 582 Vetus
1232 538 1296 581 non

119 618 270 702 recipiunt
291 616 528 682 Testamentum
549 620 581 679 et
601 614 660 680 hes
681 616 872 682 interserunt
894 616 1118 701 quaestiones“.

196 718 230 801 6)
250 715 285 782 Ia.
306 739 333 783 o.
353 714 443 793 VIII,
464 722 519 783 40:
544 714 680 795 „lterum
704 715 778 781 hino
804 717 899 781 aliam
924 716 1045 781 faciunt
1071 716 1296 800 quaestionem,

119 823 152 882 ut
170 820 211 882 ad
231 816 369 881 invicem
390 813 529 879 mandati
552 815 631 894 eius,
657 818 743 899 quod
769 816 904 880 diximus
930 816 962 879 in
988 815 1124 879 hominis
1146 815 1295 898 opinione

118 916 298 993 consistere,
323 915 406 980 hane
432 914 532 998 ipsam
559 914 740 997 opinionem
766 914 952 999 impressum
977 937 996 977 a
1017 915 1074 979 deo
1097 915 1190 979 nobis
1215 920 1295 979 tam·

120 1038 208 1100 quam
237 1013 469 1098 praescriptum
498 1013 620 1079 divinae
649 1013 729 1099 legis
756 1018 911 1080 accusent.
954 1012 1107 1089 Noverat,
1138 1014 1294 1099 inquiunt,

118 1115 275 1180 hominem
296 1117 515 1196 peooaturum,
540 1113 595 1198 qui
617 1112 734 1179 creavit
755 1136 827 1178 eum
849 1117 881 1178 et
901 1114 959 1179 has
981 1114 1144 1197 opiniones
1165 1114 1242 1178 boni
1264 1119 1296 1179 et

120 1215 191 1280 mali
211 1212 381 1298 impressit,
402 1233 507 1276 annon
529 1216 680 1277 noverat?
716 1213 762 1279 Ut
787 1213 815 1278 si
840 1213 957 1278 dixeris
978 1213 1051 1297 qnia
1072 1235 1136 1277 non
1156 1217 1296 1293 noverat,

119 1316 252 1380 alienum
266 1335 287 1377 a
299 1313 463 1377 maiestate
485 1311 534 1376 dei
554 1313 682 1389 sentias;
704 1312 732 1376 si
752 1317 858 1377 autem
880 1312 993 1377 dixeris
1013 1311 1088 1397 quia
1102 1314 1203 1378 sciens
1218 1317 1295 1378 deus

118 1421 316 1499 pennatorum
337 1412 507 1487 hominem,
529 1433 711 1477 communes
732 1419 836 1477 tamen
859 1413 1023 1495 opiniones
1039 1412 1067 1477 ei
1081 1413 1156 1477 boni
1175 1417 1207 1477 et
1221 1412 1295 1478 mali

119 1513 284 1598 impressit,
312 1516 349 1577 ot
369 1517 502 1596 propter
523 1512 749 1576 admixtionem
769 1512 925 1576 malorum
947 1513 1030 1576 vitae
1052 1512 1293 1596 perpetuitatem

119 1636 236 1678 serrare
258 1634 326 1677 non
347 1616 465 1697 posset,
482 1611 564 1674 siout
584 1611 617 1674 in
639 1611 693 1675 illo
712 1633 777 1675 non
796 1632 984 1695 praesagum
999 1612 1106 1691 futuri,
1126 1612 1171 1675 ita
1188 1610 1220 1674 in
1235 1612 1296 1676 hoe

119 1734 176 1776 non
187 1713 312 1776 bonum
327 1711 422 1775 deum
436 1708 613 1794 sIgnifioare
628 1710 772 1775 videaris.
813 1712 918 1794 Atque
940 1711 1014 1775 hino
1036 1715 1296 1795 argumentantur

120 1812 187 1895 quia
216 1832 284 1875 non
313 1816 362 1875 ost
388 1814 531 1874 creatura
551 1809 689 1874 hominis
716 1834 734 1875 a
761 1813 820 1876 deo
846 1813 938 1876 facta.
981 1809 1065 1874 Nam
1091 1810 1172 1873 sicut
1199 1831 1295 1892 supra

120 1910 308 1975 ostendimus
334 1929 387 1974 eos
416 1908 518 1974 dicere
544 1912 630 1992 quod
656 1917 789 1975 nonest
811 1909 993 1974 mandatnm
1021 1909 1083 1984 dei,
1115 1909 1160 1973 sie
1187 1915 1218 1973 et
1243 1908 1295 1974 hie

121 2011 235 2075 dieunt:
262 2008 340 2074 Non
363 2029 441 2093 ergo
462 2014 604 2073 ereatura
623 2009 757 2073 hominis
775 2035 794 2074 a
810 2012 876 2083 deo,
901 2009 974 2092 qnia
994 2009 1070 2071 dens
1090 2008 1209 2071 malum
1230 2030 1294 2072 non

120 2109 194 2175 feeit.
237 2108 347 2175 Homo
368 2114 475 2173 autem
497 2107 676 2191 opinionem
698 2109 818 2193 aceepit
840 2109 927 2187 mali,
953 2111 1027 2171 dum
1050 2131 1068 2172 a
1089 2107 1179 2172 malis
1201 2128 1291 2191 prae·

122 2209 230 2293 cipitur
251 2208 420 2274 abstinere.
455 2206 525 2272 Hoe
546 2214 651 2273 autem
673 2229 788 2293 genere
810 2208 906 2273 alium
931 2207 1049 2271 bonum
1071 2210 1173 2287 deum,
1196 2207 1291 2271 alium

122 2313 316 2392 operatorem
337 2306 474 2372 hominis
496 2314 651 2373 conantur
671 2313 835 2374 assereret

193 2412 226 2490 7)
248 2406 283 2472 L.
305 2429 330 2473 o.
352 2405 442 2484 VIII,
464 2414 515 2472 41:
548 2407 696 2488 „Dicunt
729 2408 889 2493 quomodo
910 2409 1011 2472 bonus
1034 2412 1123 2482 deus,
1151 2406 1206 2490 qni
1227 2428 1292 2470 non

121 2509 213 2573 solnm
234 2529 348 2594 passus
369 2510 420 2572 est
439 2507 569 2571 introire
590 2508 624 2571 in
645 2508 729 2571 huno
751 2511 902 2572 mundum
925 2507 1090 2584 malitium,
1121 2506 1292 2571 sedetiam

121 2608 288 2673 intentam
309 2606 529 2673 confusionem
550 2607 655 2672 venire
677 2607 857 2690 permisit?“

193 2707 279 2773 Dass
308 2707 394 2771 diese
424 2705 529 2771 sieben
555 2707 671 2772 Stdcke
701 2707 878 2771 siimmtlieh
910 2706 970 2770 den
996 2705 1208 2791 Syllogismen
1237 2705 1292 2769 des

122 2807 238 2892 Apelles
254 2810 458 2871 entnommen
474 2805 552 2883 sind,
574 2806 696 2890 ergiebt
715 2806 781 2869 sich
798 2828 853 2869 aus
868 2805 1039 2887 folgenden
1055 2805 1291 2889 Erwiigungen:

194 2910 226 2988 a)
248 2905 310 2970 Die
325 2904 424 2989 Capp.
439 2902 589 2971 V-VIII
611 2909 666 2969 der
688 2904 808 2970 schrift
830 2905 867 2968 de
889 2906 1043 2988 paradiso,
1065 2905 1098 2968 in
1119 2909 1220 2969 denen
1242 2905 1291 2969 die

123 3010 208 3081 ΒΗ
230 3005 392 3071 Einwnrfe
414 3004 575 3068 euthalten
597 3005 675 3084 sind,
697 3006 802 3069 bilden
824 3010 916 3069 unter
938 3005 997 3069 den
1019 3012 1055 3070 15
1072 3004 1215 3087 Capiteln
1237 3008 1291 3069 des

123 3125 231 3187 genuen
261 3103 408 3169 {Iraemts
444 3105 512 3167 eine
548 3104 658 3168 sehnrf
690 3106 897 3190 abgegrenzte
927 3103 1061 3168 Einheit
1106 3104 1184 3168 Hier
1216 3105 1293 3189 geht

123 3204 301 3271 Ambrosius
329 3202 389 3268 auf
411 3201 573 3268 Einwdrfe
599 3225 661 3266 von
687 3203 880 3269 hdretischer
905 3202 988 3268 Seite
1014 3203 1108 3287 ein1).
1150 3203 1200 3266 Da
1226 3227 1291 3267 nun

125 3305 164 3371 die
184 3306 251 3371 drei
273 3306 379 3369 ersten
400 3300 620 3366 ausdrfioklieh
641 3304 699 3366 mit
721 3303 776 3366 der
799 3301 924 3367 Formel
949 3300 1132 3386 eingetiihrt
1153 3302 1291 3367 werden:

123 3402 272 3489 ,Plerique
293 3402 388 3482 enim,
410 3423 544 3485 quorum
566 3408 675 3466 auctor
689 3403 825 3485 Apelles,
848 3403 929 3466 sieut
950 3402 1049 3465 habos
1064 3402 1096 3464 in
1112 3400 1291 3467 XXXVIII.

122 3504 192 3570 tomo
214 3504 297 3581 eius,
327 3502 386 3566 has
412 3501 610 3583 quaestiones
637 3507 850 3584 proponunt“,
877 3521 909 3564 so
937 3501 977 3564 ist
1003 3523 1035 3564 es
1063 3502 1190 3585 genus,
1220 3505 1291 3567 dass

171 3825 195 3893 1)
212 3822 272 3877 Der
293 3815 425 3873 ninwurs
444 3832 466 3869 o.
484 3816 533 3879 IX,
553 3818 599 3871 42:
627 3817 712 3882 „Sunt
739 3817 785 3884 qui
812 3818 910 3888 putant
932 3834 1107 3884 nequaquem
1129 3817 1290 3870 mandatum

118 3903 175 3961 oud
189 3907 237 3977 (de
254 3899 454 3959 manducando
471 3904 500 3955 et
516 3917 572 3955 non
589 3901 790 3970 manducando)
810 3901 953 3955 convenire
971 3901 1038 3954 coeli
1057 3906 1085 3954 et
1108 3904 1194 3954 terrae
1207 3904 1290 3968 utque

116 3993 223 4048 omnum
239 3985 372 4048 creatori,
390 4001 564 4052 nequaquam
582 3986 696 4055 dignum
714 3986 811 4039 ineolis
829 3985 956 4055 paradisi,
975 4003 1006 4039 eo
1024 3985 1098 4052 quod
1117 3985 1166 4037 ille
1184 3984 1241 4037 vito
1257 3985 1289 4036 si·

115 4076 172 4133 uilis
191 4074 365 4147 angelornm
388 4069 451 4135 sit·‘,
474 4069 509 4124 ist
531 4070 645 4124 anderen
667 4073 730 4137 nrt,
756 4071 796 4123 als
819 4070 862 4124 die
885 4070 976 4123 bieher
998 4069 1189 4136 widerlegten3
1218 4067 1290 4121 deun

112 4160 259 4221 Ambrosius
287 4156 410 4212 erkennt
436 4153 484 4206 ihn
506 4153 664 4208 wesentlieh
686 4173 734 4220 un,
760 4155 849 4207 sofern
873 4155 942 4207 auch
965 4172 994 4207 er
1015 4154 1053 4204 im
1075 4151 1222 4219 folgenden
1245 4153 1291 4207 die

111 4246 219 4319 „dpeiflpu
238 4238 441 4312 allegorisiert.
465 4238 532 4292 Also
550 4242 662 4291 stammt
680 4256 709 4291 er
726 4238 802 4291 nieht
820 4239 897 4291 mehr
909 4257 956 4291 aus
974 4236 1115 4290 derselben
1128 4235 1223 4300 Quelle
1237 4237 1288 4291 wie

109 4328 142 4387 oie
156 4322 424 4400 vorhergehenden.
