2934 4860
154 347 211 408 112
316 338 412 392 Sieben
430 354 498 392 neue
515 337 700 391 Bruchstdolre
718 337 766 390 der
784 337 966 407 Syllogismen
983 337 1031 392 des
1051 337 1172 409 Apelles.

230 508 367 573 Rhodon
393 530 442 590 ap.
469 504 596 580 Euseb,
623 505 653 568 h.
684 527 708 569 e.
736 502 775 584 V,
799 510 850 572 13:
889 497 1046 588 Ἀπελλῆς
1072 501 1151 590 ἔφη,
1182 500 1244 584 τὰς
1270 507 1332 590 μὲν

148 607 357 692 προφητείας
378 598 500 681 ἑαυτὰς
522 603 678 688 ἐλέγχειν,
704 598 759 668 διὰ
781 597 822 668 τὸ
848 604 953 689 μηδὲν
980 592 1072 682 ὅλως
1097 597 1224 691 ἀληθὲς
1250 605 1330 690 elop-

145 708 252 772 κέναι·
279 697 481 788 ἀσύμφωνοι
506 697 568 786 γὰρ
594 691 778 786 ὑπάρχουσι
799 704 854 768 καὶ
875 704 1008 786 ψευδεῖς
1035 705 1091 768 καὶ
1119 699 1254 783 ἑαυταῖς
1276 701 1330 770 ἀν·

146 806 329 889 τικεὶμεναι
350 855 357 868 .
380 855 386 868 .
412 855 419 869 .
441 852 449 868 .
475 793 630 886 Ἀπελλῆς
655 802 756 886 μυρία
780 796 868 867 κατὰ
894 803 958 869 τοῦ
985 804 1174 882 Μωῦσέοος·
1189 795 1328 887 ἠσέβησε

146 898 264 988 νόμου,
293 897 347 968 διὰ
367 897 541 968 πλειόνων
563 897 827 985 συγγραμμάτων
848 894 1067 980 aurichalcus
1090 898 1330 989 βλασφημήσας

146 999 269 1087 λόγους
291 1001 336 1080 εἰς
358 996 494 1087 ἔλεγχόν
517 1024 561 1079 τε,
585 988 632 1077 ὥς
655 1023 691 1084 γε
712 994 753 1083 δή
775 993 894 1075 ἐδόκει,
915 1002 970 1066 καὶ
993 992 1197 1088 ἀνατροπὴν
1211 995 1331 1069 αὐτῶν

148 1100 190 1168 οὐ
212 1097 335 1187 μικρὰν
357 1100 585 1185 πεποιημένος
607 1088 768 1182 σπουδήν.

228 1203 307 1266 Was
321 1201 494 1266 Tertullian
512 1202 564 1264 flir
584 1200 669 1262 scine
683 1197 887 1284 Darstellung
903 1201 958 1263 des
973 1198 1114 1283 Systems
1130 1203 1185 1266 des
1200 1202 1330 1286 Apelles

149 1327 204 1368 aus
218 1306 278 1366 den
292 1301 505 1387 Syllogismen
518 1320 705 1384 genommen
720 1297 784 1376 hat,
796 1297 873 1362 lieet
886 1298 954 1364 sich
962 1299 1051 1365 nicht
1063 1301 1154 1365 mehr
1165 1303 1332 1368 ermitteln

148 1403 236 1466 Aber
259 1399 447 1465 Ambrosius
475 1401 538 1463 und
565 1397 718 1484 Origenes
747 1396 882 1482 bringen
911 1419 970 1462 uns
1002 1399 1105 1485 einigo
1131 1397 1329 1487 Fragmenta.

147 1501 168 1566 J
170 1524 242 1566 ener
257 1499 395 1566 schreibt
410 1498 460 1583 (de
474 1497 620 1581 paradiso
635 1495 674 1577 V,
688 1501 753 1579 28):
776 1496 939 1582 „Plerique
954 1497 1047 1576 enim,
1070 1521 1206 1584 quorum
1220 1507 1330 1566 auctor

145 1601 320 1685 Apelles,
346 1599 445 1663 sicut
471 1597 583 1662 habes
610 1597 647 1661 in
672 1595 871 1682 trigesimo
894 1601 931 1661 et
953 1602 1086 1663 octavo
1108 1602 1212 1664 tomo
1235 1601 1330 1679 eius,

144 1702 202 1766 has
236 1704 436 1784 quaestiones
468 1700 664 1781 proponunt:
698 1696 890 1772 Quomodo
925 1697 1072 1781 lignum
1105 1697 1208 1763 vitas
1243 1700 1330 1782 plus

146 1799 296 1885 operari
316 1799 465 1864 videtur
486 1801 529 1862 ad
551 1796 668 1860 vitam
689 1817 797 1879 quam
817 1795 1039 1860 insufflatio
1060 1797 1191 1862 daie-
1207 1797 1329 1864 Deinde

144 1901 176 1966 si
212 1899 398 1964 hominem
435 1919 508 1961 non
545 1896 759 1980 perfectum
793 1895 887 1961 fecit
926 1895 1028 1972 deus,
1069 1899 1330 1983 unusquisque

144 2005 267 2065 autom
293 2020 360 2082 per
386 1995 609 2062 industriam
636 1997 827 2079 propriam
851 1994 1130 2078 perfectionem
1155 1996 1231 2062 sibi
1253 1999 1330 2062 vir-

143 2099 238 2163 tutis
260 2098 458 2163 adsciscit:
479 2118 600 2160 nonne
613 2095 765 2160 videtur
785 2095 868 2178 plus
890 2094 963 2159 sibi
985 2093 1096 2159 homo
1119 2096 1329 2181 acquirere,

144 2219 253 2282 quarn
278 2196 311 2261 ei
336 2200 427 2261 deus
454 2195 638 2261 contulit?
664 2194 869 2259 -Tertium
896 2192 1049 2258 obiciunt:
1085 2193 1135 2259 Ec
1158 2197 1192 2260 si
1217 2197 1328 2261 homo

142 2320 216 2361 non
243 2301 469 2381 gustaverat
494 2300 663 2374 mortem,
691 2295 826 2378 utique
852 2315 961 2377 quarn
986 2313 1061 2357 non
1089 2300 1328 2379 gustaverat,

143 2397 238 2461 scire
260 2417 335 2459 non
356 2399 512 2479 poterat
548 2394 648 2478 Ergo
668 2394 791 2459 sinon
810 2397 1040 2479 gustaverat,
1063 2395 1273 2472 nesciebat;
1294 2395 1327 2460 si

144 2495 351 2575 nesciebat,
371 2495 503 2559 timere
523 2516 596 2558 non
612 2498 770 2577 poterat.
813 2492 969 2558 Frustra
987 2494 1110 2579 igitur
1124 2497 1215 2560 deus
1229 2517 1327 2560 mor·

143 2600 218 2658 tem
240 2616 305 2677 pro
328 2598 477 2658 terrore
504 2593 661 2672 obiecit,
688 2615 794 2677 quam
820 2593 989 2657 homines
1015 2614 1090 2657 non
1116 2594 1327 2660 timebant“

225 2693 376 2779 Origenes
396 2693 452 2757 hat
473 2715 532 2757 uns
554 2693 718 2778 folgenden
739 2693 935 2757 autbewahrt
955 2692 1001 2772 (in
1022 2689 1134 2758 Genea.
1151 2693 1327 2770 hom.11,a

142 2793 362 2858 hommatzsoh
373 2791 448 2858 VIII
462 2814 492 2875 p.
510 2797 567 2858 134
577 2795 647 2875 sq.):
669 2791 749 2871 „Sed
762 2792 812 2856 his
833 2792 979 2857 omnibus
1001 2797 1090 2856 tanta
1110 2799 1179 2858 arte
1197 2815 1326 2877 compo-

144 2893 221 2972 sitis,
243 2893 383 2956 obiciunt
405 2892 532 2975 quidam
554 2892 762 2975 quaestiones,
789 2896 821 2956 et
840 2891 1006 2975 praecipue
1026 2891 1166 2975 Apelles,
1189 2893 1246 2977 qui
1267 2894 1329 2957 fuit

144 2992 314 3075 discipulus
338 2991 465 3075 quidem
487 2990 670 3068 Marcionis,
698 2990 753 3055 sed
774 2991 901 3054 alterius
922 2991 1084 3056 haereseos
1105 2993 1210 3076 magis
1232 3016 1328 3077 quam

143 3093 219 3170 eius,
240 3113 336 3175 quam
350 3114 368 3153 a
382 3091 535 3175 magistro
557 3089 702 3173 suscepit,
723 3091 877 3155 inventor.
918 3090 949 3156 Is
971 3110 1047 3173 ergo
1069 3089 1146 3154 dum
1166 3091 1329 3175 assignare

143 3192 239 3275 cupit,
260 3190 376 3273 scripta
390 3190 489 3254 Mosis
509 3189 590 3253 nihil
608 3189 642 3253 in
663 3212 695 3254 se
717 3189 841 3254 divinae
862 3188 1037 3272 sapientiae
1058 3189 1203 3274 nihilque
1224 3193 1327 3275 operis

144 3291 243 3355 sancti
280 3290 409 3372 spiritus
444 3290 617 3365 continere,
653 3293 825 3374 exaggerat
854 3288 1034 3354 huiusmodi
1067 3288 1152 3354 dicta
1181 3293 1213 3354 et
1243 3290 1327 3368 dicit,

143 3390 250 3452 nullo
274 3392 379 3453 modo
401 3388 489 3452 fieri
511 3387 682 3471 potuisse
699 3392 739 3451 ut
760 3393 835 3452 tam
852 3389 963 3453 breve
981 3387 1147 3472 spatium
1167 3392 1225 3452 tot
1248 3389 1328 3453 ani-

143 3489 295 3552 malium
317 3508 458 3572 genera
479 3509 680 3571 eorumque
702 3488 822 3563 cibos,
853 3488 919 3572 qui
947 3510 1013 3571 per
1042 3490 1162 3552 totum
1190 3511 1327 3553 annum

143 3587 384 3665 sufficerent,
420 3609 552 3670 capere
581 3586 780 3670 potuisset.
823 3587 910 3653 Cum
939 3586 1036 3652 enim
1063 3586 1152 3652 bina
1177 3591 1213 3651 et
1240 3588 1331 3652 bina

142 3710 185 3753 ex
207 3687 408 3751 immundis
429 3686 671 3765 animalibus,
693 3687 765 3751 hoc
786 3691 854 3764 est,
878 3686 959 3752 bini
979 3685 1138 3750 masculi
1159 3690 1197 3750 et
1216 3686 1330 3752 binae

142 3787 306 3851 feminae
320 3824 360 3831 —
377 3785 447 3850 hoc
465 3785 562 3849 enim
582 3785 727 3850 indicat
748 3807 868 3851 sermo
891 3784 1073 3869 repetitus
1087 3821 1139 3865 —,
1160 3807 1204 3850 ex
1224 3809 1330 3851 mun-

143 3887 200 3950 dis
221 3908 308 3949 vero
331 3889 485 3968 septena
506 3891 542 3949 et
563 3890 730 3969 septena,
760 3888 855 3969 quod
885 3889 941 3949 est
969 3882 1073 3967 paria
1101 3888 1264 3968 septena
1293 3885 1330 3949 in

143 4009 265 4051 arcam
288 3985 466 4047 dicantur
487 3984 658 4064 inducta,
687 3987 887 4069 quomod0,
916 3982 1054 4067 inquit.
1082 3983 1173 4050 fieri
1203 3985 1330 4069 potuit

141 4086 249 4149 istud
271 4083 447 4167 spatium,
478 4084 575 4167 quod
597 4085 784 4167 scriptum
814 4090 884 4160 est,
912 4087 955 4146 ut
983 4085 1166 4167 quattuor
1195 4084 1329 4148 saltem

142 4185 243 4247 solos
266 4184 488 4266 elephantes
512 4206 642 4268 capere
665 4184 853 4267 potuerit?
900 4182 943 4247 Et
963 4184 1170 4266 posteaquam
1192 4206 1249 4267 per
1268 4184 1330 4249 sin·

145 4284 233 4367 gulas
256 4283 375 4367 species
398 4284 458 4347 hoc
479 4288 572 4347 modo
595 4285 780 4369 refragatur,
801 4283 889 4347 addit
910 4304 1004 4367 super
1025 4282 1132 4347 omnia
1145 4281 1195 4348 his
1211 4283 1329 4348 verbis:
