2934 4860
143 335 201 397 122
627 329 743 384 Zweitcr
760 328 829 383 Teil.

142 496 329 561 Gnostikern
360 497 393 560 in
423 501 477 561 das
510 496 699 561 Naturhalte
732 495 1009 580 hinabgezogenen
1037 494 1318 562 Prddestinations·

141 595 306 681 gedanken
328 596 509 680 gegentiber
532 597 589 660 auf
607 596 657 660 die
689 595 861 662 sittliche
882 595 1225 682 Selbstiindigkeit
1245 596 1319 661 und

141 695 554 761 Verantwortliehlreit
576 697 640 760 des
663 695 906 778 Mensohen¹).
942 695 1002 761 Mit
1022 700 1077 761 der
1095 696 1318 780 verntinttigen

141 796 268 879 Anlage
289 796 451 861 desselben
472 797 571 880 hdngt
591 796 642 860 {nr
662 797 741 863 Iren.
774 797 832 861 die
860 794 1030 861 Freiheit
1059 795 1124 861 des
1152 796 1320 861 Willens

142 897 210 961 aufs
231 895 354 981 Engste
384 918 576 961 zusammen:
614 896 667 976 IV,
690 904 717 974 4,
739 902 757 964 3
780 896 874 959 homo
905 917 979 960 vero
1009 896 1261 962 rationabilis
1290 905 1320 966 et

141 995 312 1060 secundum
333 997 394 1061 hcc
415 996 553 1060 similis
584 997 646 1074 dei,
674 996 776 1060 liber
805 997 841 1058 in
871 995 1034 1061 arbitrio
1065 996 1170 1061 fuctus
1194 1001 1227 1061 et
1248 1021 1320 1062 suae

141 1095 317 1179 potestatis,
348 1097 413 1178 ipse
431 1096 491 1159 sibi
513 1118 607 1160 causa
629 1100 690 1174 est,
720 1100 755 1160 ut
777 1095 947 1179 aliquando
969 1093 1096 1178 quidem
1117 1096 1321 1177 frumentum,

143 1195 313 1279 aliquando
335 1199 440 1259 autem
461 1195 550 1279 palea
573 1195 636 1259 fiat.
680 1194 744 1260 Der
765 1194 896 1261 Mensch
917 1194 959 1258 ist
979 1194 1012 1259 in
1032 1195 1136 1259 seiner
1157 1195 1320 1261 Entsohei·

142 1298 229 1380 dung
258 1296 309 1358 uu
335 1294 398 1358 Gut
428 1299 502 1360 oder
524 1294 619 1375 Bbse,
651 1296 691 1359 cb
719 1317 753 1359 er
779 1295 863 1359 seine
884 1293 1084 1378 vemdnftige
1106 1295 1235 1380 Anlage
1256 1320 1321 1362 ver·

144 1394 328 1460 wirlrlichen
350 1399 425 1459 cder
447 1395 665 1460 verktimmern
686 1395 788 1459 lassen
809 1393 884 1472 will,
905 1393 1004 1479 volljg
1018 1393 1092 1472 frei3
1114 1393 1193 1460 Gott
1207 1396 1322 1481 zwingt

135 1490 287 1558 ‘niemand
309 1517 347 1558 zu
369 1495 435 1561 sich
457 1495 525 1572 hin,
555 1518 615 1559 nur
636 1494 851 1560 freundliehen
874 1493 937 1558 Rat
959 1494 1063 1559 erteilt
1084 1516 1131 1559 er:
1154 1494 1210 1575 IV,
1232 1500 1282 1571 37,
1306 1503 1319 1560 l

143 1595 277 1658 liberum
299 1597 374 1659 deus
396 1596 470 1659 t'ecit
492 1595 531 1659 ab
553 1594 643 1661 initio
657 1596 823 1674 hominem,
843 1594 1011 1659 habentem
1025 1616 1115 1659 suum
1134 1598 1323 1679 potestatem

143 1697 183 1758 ad
204 1696 355 1759 utendum
376 1696 530 1759 sententia
552 1697 601 1760 dei
623 1693 799 1760 voluntarie
821 1701 852 1759 et
872 1717 934 1759 non
954 1697 1094 1759 coactum
1117 1697 1227 1759 adeo.
1270 1695 1324 1778 βὶα

143 1794 216 1878 θεῷ
249 1783 291 1859 οὗ
321 1789 508 1877 πρόσεστιν.
553 1788 663 1878 ἀγαθὴ
696 1794 731 1859 δὲ
761 1787 879 1878 γνώμη
910 1785 1060 1860 πάντοτε
1095 1786 1324 1877 συμπάρεστιν

143 1885 250 1979 αὐτῷ.
272 1899 303 1959 et
317 1898 445 1978 propter
461 1895 520 1960 boc
535 1895 700 1960 consilium
715 1895 841 1979 quidem
856 1893 974 1959 bonum
984 1896 1038 1957 dut
1053 1893 1209 1959 omnibus
1232 1893 1324 1958 Denn

143 2018 203 2058 nur
224 2016 315 2058 u'enn
337 1998 392 2058 der
414 1993 543 2057 Menseh
566 1995 625 2059 frei
651 1995 684 2058 in
713 1995 816 2058 seiner
836 1992 1073 2077 Entscheidcng
1093 1992 1150 2068 ist,
1182 1994 1267 2057 kann
1290 2015 1323 2058 er

143 2092 194 2156 {nr
225 2092 360 2156 dieselbe
390 2093 647 2158 verantwortlieh
677 2092 825 2179 gemacht
860 2092 997 2158 werden:
1033 2116 1059 2158 a.
1085 2113 1115 2157 a.
1146 2091 1182 2157 0.
1217 2092 1325 2176 posuit

143 2195 250 2255 autem
273 2191 304 2254 in
327 2190 456 2256 homine
483 2196 715 2274 potestatem
741 2191 958 2266 electionis,
988 2191 1036 2256 nti
1063 2190 1097 2255 bi
1119 2192 1248 2276 quidem
1270 2192 1324 2277 qui

144 2290 324 2355 obedissent
350 2292 431 2356 inste
458 2291 574 2355 bonum
596 2292 660 2356 sint
682 2293 889 2376 possidentes,
918 2294 1027 2356 dutum
1060 2292 1190 2376 quidem
1215 2315 1234 2356 a
1255 2292 1324 2371 deo,

145 2395 301 2454 servatum
323 2414 396 2456 vero
418 2392 456 2457 ab
477 2391 562 2475 ipsis.
585 2391 639 2475 qui
661 2396 766 2457 autem
788 2414 851 2455 non
872 2390 1067 2471 obedierunt,
1088 2391 1172 2457 inste
1194 2414 1258 2457 ncn
1277 2392 1324 2456 in·

145 2489 310 2555 venientur
339 2514 410 2556 cum
442 2491 527 2555 bono
558 2494 590 2555 et
618 2491 764 2555 meritam
796 2513 928 2576 poenam
955 2489 1142 2574 percipient,
1174 2492 1324 2576 quoniam

146 2589 222 2653 dens
253 2591 379 2674 quidem
407 2592 492 2657 dedit
513 2591 647 2674 benigne
673 2591 805 2671 bonum,
837 2589 900 2675 ipsi
925 2612 998 2656 vero
1021 2613 1086 2656 non
1111 2591 1327 2656 custodierunt

145 2689 314 2775 diligenter
333 2691 413 2756 illud
434 2714 537 2776 neque
559 2691 731 2774 pretiosum
752 2690 895 2756 arbitrati
916 2694 998 2767 sunt,
1019 2694 1074 2756 sed
1090 2691 1327 2774 supereminen-

147 2789 224 2854 tiam
246 2789 397 2855 bonitatis
413 2795 655 2856 contemserunt.
691 2788 712 2853 J
720 2813 736 2854 e
758 2790 940 2856 naohdem
953 2790 1019 2854 der
1033 2789 1071 2854 in
1091 2790 1218 2856 seiner
1231 2790 1327 2855 Ent-

146 2888 361 2975 scheidung
391 2891 488 2957 freie
509 2890 662 2956 Mensch
693 2891 796 2955 seine
825 2889 1070 2975 vernfinftige
1091 2889 1244 2974 Anlage
1265 2914 1327 2955 an·

146 2992 302 3068 wendet,
324 2990 418 3054 wird
439 2992 515 3055 ihm
530 2992 631 3057 Lohn
651 2991 739 3055 oder
754 2988 886 3056 Strcfe
903 3011 947 3054 nn
960 2988 1055 3054 Teil:
1077 2989 1125 3054 als
1141 2986 1232 3054 Lohn
1248 2991 1328 3055 eben

146 3088 196 3153 die
217 3087 495 3175 Verwirlrlichung
517 3094 571 3155 der
601 3090 728 3175 Anlage
756 3091 811 3155 der
834 3087 1120 3164 Gottiihnlichlreit,
1153 3090 1202 3154 uls
1223 3089 1328 3155 Strsfe

147 3189 202 3253 das
226 3189 368 3256 Gericht:
395 3189 449 3270 lV,
472 3197 520 3269 37,
544 3198 558 3256 1
583 3189 668 3255 dedit
690 3191 765 3254 deus
786 3190 906 3254 bonum
929 3189 1038 3273 etqui
1060 3194 1233 3273 operantur
1261 3189 1327 3274 qni-

147 3293 217 3353 dem
239 3289 333 3368 illud,
364 3289 529 3375 gloriam
559 3295 595 3355 et
616 3291 796 3354 bonorem
817 3287 1003 3373 percipient,
1033 3288 1186 3373 quoniam
1209 3290 1328 3374 operati

147 3394 221 3452 sunt
242 3389 374 3468 bonum,
396 3413 466 3454 cum
488 3390 609 3474 possint
630 3412 691 3454 non
713 3388 837 3472 operari
863 3388 956 3464 illud;
986 3387 1148 3453 hiantem
1171 3389 1226 3473 qni
1248 3389 1329 3454 illud

147 3512 210 3553 non
233 3495 416 3572 operantur,
446 3489 626 3555 iudicium
653 3488 792 3552 iustum
819 3486 974 3572 excipient
996 3487 1060 3564 dei,
1094 3488 1244 3571 quoniam
1266 3512 1329 3553 non

148 3595 222 3654 sunt
244 3591 365 3673 operati
386 3590 512 3670 bonum,
535 3612 607 3653 cnm
627 3589 749 3672 possint
771 3587 893 3672 operari
915 3587 1002 3653 illud

232 3690 327 3754 Diese
357 3689 615 3754 Gedanlrenreihe
645 3689 687 3752 ist
716 3687 786 3752 klar
812 3690 877 3752 und
906 3688 998 3752 straff
1024 3686 1240 3771 geschlossen:
1276 3693 1331 3753 der

152 3791 283 3855 Menseh
307 3790 360 3853 bat
383 3811 415 3852 es
431 3789 463 3851 in
478 3789 581 3854 seiner
595 3788 712 3866 Macht,
736 3790 806 3852 dem
822 3787 924 3852 Guten
943 3787 1018 3852 oder
1034 3787 1139 3852 Bosen
1154 3787 1224 3853 sich
1239 3812 1330 3854 nuzu-

234 3971 407 4039 1)1V,31,·2
430 3970 456 4027 εἰ
479 3967 562 4042 φύσει
586 3969 613 4028 ci
631 3970 686 4041 μὲν
703 3974 820 4042 φαῦλοι,
841 3967 868 4027 ct
890 3968 919 4026 δὲ·
943 3965 1051 4040 ἀγαθοὶ
1073 3967 1243 4041 γεγόνασιν,
1268 3966 1331 4027 ote‘

150 4044 229 4111 οὗτοι
243 4053 387 4111 ἐπαινεταὶ
400 4049 481 4121 ὄντες
493 4051 607 4126 ἀγαθοὶ,
626 4064 753 4112 τοιοῦτοι
768 4049 823 4128 γὰρ
836 4050 1125 4125 κατεσκευάσθησαν·
1152 4047 1215 4110 οὔτ’
1227 4052 1330 4112 ἐκεῖνοι

148 4143 274 4208 μεμπτοὶ
293 4131 386 4206 οὕτως
404 4136 564 4211 γεγονότες.
598 4133 660 4194 ἀλλ’
678 4135 770 4208 ἐπειδὴ
791 4135 818 4194 ot
838 4135 943 4203 πάντες
960 4143 1011 4208 τῆς
1029 4133 1115 4208 αὐτῆς
1134 4138 1191 4195 εἰσὶ
1210 4136 1330 4209 φύσεως.

151 4222 303 4294 δυνάμενοί
320 4244 349 4282 τε
368 4234 522 4296 κατασχεῖν
539 4228 589 4280 καὶ
606 4229 714 4298 πρᾶξαι
732 4217 766 4280 τὸ
787 4217 966 4292 ἀγαθὸνκαὶ
985 4220 1135 4292 δυνάμενοι
1154 4220 1243 4279 πάλιν
1260 4221 1329 4280 riuo-

149 4315 248 4387 βαλεῖν
266 4306 336 4367 αὐτὸ
355 4313 406 4366 καὶ
422 4305 461 4379 μὴ
480 4314 657 4380 ποιῆσαι...
