2934 4860
306 363 409 421 Sieben
424 381 495 420 neue
507 365 692 421 Bruchstdckc
710 366 758 420 der
774 363 958 435 Syllogismen
976 366 1023 419 des
1040 365 1158 436 Apellea.
1264 373 1320 433 117

144 557 201 600 non
228 540 280 600 est
308 534 468 618 scriptura
492 554 532 596 ex
557 532 626 597 deo.
669 527 739 600 Hoc
765 534 848 598 enim
874 534 1025 611 obiciunt,
1053 534 1108 617 qui
1133 532 1231 597 Vetus
1258 554 1323 597 non

144 635 296 720 rccipiunt
317 633 555 699 Testamentum
575 636 607 695 et
628 631 686 696 has
707 633 898 698 interserunt
920 633 1144 717 quaestiones“.

221 736 254 817 6)
276 732 311 799 L.
333 755 359 799 c.
381 731 469 809 VIII,
490 740 545 799 4οῑ
571 731 707 812 ,Iterum
731 733 804 797 hinc
831 733 926 797 aliam
951 732 1071 798 faciunt
1098 732 1322 816 quaestionem

144 838 176 900 nt
194 837 237 898 ad
257 833 396 898 invicem
418 830 556 896 mandati
578 832 657 911 eius,
684 835 768 915 quod
795 832 931 897 diximus
956 832 988 895 in
1014 832 1150 895 hominis
1172 832 1321 916 opinione

143 933 324 1010 consistere,
350 932 434 996 hanc
458 930 558 1014 ipsam
585 930 765 1014 opinionem
791 931 978 1014 impressam
1003 954 1022 993 a
1043 931 1101 995 deo
1124 931 1216 994 nobts
1242 936 1321 995 tam·

146 1055 235 1116 qnam
264 1030 496 1116 praescriptum
525 1030 646 1095 divinae
675 1029 756 1114 legis
783 1036 937 1096 accusent.
980 1029 1133 1106 Noverat,
1165 1030 1320 1114 inquiunt,

143 1133 303 1198 hominem
323 1134 541 1213 peccaturum,
567 1130 622 1214 qni
643 1130 761 1196 creavit
782 1152 854 1193 enm
876 1133 907 1194 et
927 1131 985 1194 has
1007 1130 1171 1214 opiniones
1192 1130 1269 1195 boni
1290 1136 1322 1194 et

144 1232 217 1297 mali
238 1229 408 1315 impressit,
430 1250 533 1293 annon
555 1233 707 1294 noverat?
742 1229 789 1294 Ut
814 1230 841 1294 si
866 1229 983 1294 dixeris
1005 1229 1163 1313 quianon
1183 1234 1322 1308 noverat,

143 1333 279 1397 alienum
294 1353 313 1394 a
326 1330 490 1393 maiestate
511 1327 560 1392 dei
580 1329 708 1406 sentias3
731 1329 758 1393 si
779 1333 884 1393 autem
906 1329 1019 1393 dixeris
1039 1329 1115 1413 quia
1129 1330 1229 1394 sciens
1245 1333 1321 1393 dens

142 1438 343 1516 pecmtnrum
363 1429 534 1504 hominem,
555 1450 737 1493 communes
758 1435 862 1494 tamen
886 1429 1050 1511 opiniones
1065 1429 1094 1492 ei
1107 1429 1182 1492 boni
1202 1433 1234 1493 et
1248 1428 1322 1492 mali

143 1530 311 1615 impressit,
338 1533 375 1593 nt
396 1533 528 1611 propter
549 1528 775 1593 admixtionem
796 1529 952 1592 malorum
973 1529 1057 1592 vitae
1078 1528 1320 1612 perpetuitatem

142 1652 263 1695 servare
285 1650 352 1693 non
373 1634 492 1712 posset.
509 1627 590 1691 siout
610 1628 643 1690 in
665 1627 720 1691 illo
740 1650 804 1692 non
822 1648 1010 1711 praesagum
1025 1628 1132 1706 futuri,
1153 1627 1197 1690 ita
1214 1627 1246 1691 in
1261 1627 1322 1691 hoc

142 1752 200 1793 non
213 1728 339 1792 bonum
353 1727 448 1792 deum
463 1725 640 1810 significare
655 1727 799 1791 videaris.
840 1729 945 1811 Atque
966 1727 1041 1790 hinc
1062 1730 1322 1810 argumentantur

143 1828 212 1913 qnia
243 1848 311 1892 non
340 1832 388 1891 est
415 1831 557 1891 creatura
578 1826 716 1891 hominis
742 1850 761 1891 a
787 1828 847 1892 deo
873 1828 964 1892 facta.
1008 1824 1092 1890 Nam
1117 1825 1199 1890 sicut
1226 1847 1321 1908 supra

143 1927 334 1992 ostendimus
359 1947 414 1990 eos
443 1925 545 1990 dicere
571 1928 657 2009 quod
683 1947 747 1989 non
768 1933 816 1991 est
837 1925 1020 1989 mandatum
1047 1925 1110 2001 dei,
1141 1925 1186 1989 sic
1213 1931 1245 1989 et
1269 1925 1322 1989 hic

144 2028 262 2092 dicunt:
290 2025 366 2091 Non
390 2046 468 2111 ergo
489 2030 630 2089 creatura
648 2025 783 2089 hominis
802 2050 820 2090 a
836 2027 903 2099 deo,
927 2025 1001 2108 quia
1021 2025 1096 2087 deus
1118 2024 1236 2088 malum
1257 2047 1321 2088 non

143 2126 221 2192 fecit
263 2125 373 2190 Homo
396 2130 502 2189 autem
523 2124 704 2208 opinionem
724 2125 845 2209 aceepit
867 2124 954 2202 mali,
980 2128 1053 2188 dum
1076 2149 1095 2189 a
1116 2124 1206 2188 malis
1228 2146 1318 2209 prae-

96 2282 98 2293 .
144 2227 257 2310 cipitur
278 2225 446 2290 abstinere.
481 2223 552 2288 Hoc
573 2229 677 2288 autern
700 2245 814 2309 genere
836 2225 933 2289 alium
957 2224 1076 2287 bonum
1098 2227 1200 2303 deum,
1223 2224 1317 2288 aliurn

146 2330 343 2410 operatorem
364 2323 501 2388 hominis
523 2330 677 2389 conantur
698 2330 861 2390 assereret

220 2430 253 2505 7)
276 2423 310 2488 L.
332 2446 357 2489 c.
380 2422 468 2501 VIII,
489 2430 542 2488 41:
574 2423 723 2504 „Dicunt
755 2424 916 2509 quomodo
937 2424 1038 2487 bonus
1060 2428 1149 2497 deus,
1178 2424 1318 2506 quinon

145 2525 239 2590 solnm
262 2545 376 2609 passus
397 2527 447 2587 est
466 2523 596 2588 introire
616 2524 649 2588 in
671 2523 756 2588 hunc
777 2527 928 2588 mnndum
952 2523 1116 2600 malitiam,
1148 2526 1203 2586 sed
1225 2524 1318 2587 etiam

146 2624 315 2690 intantum
337 2622 556 2689 confusionem
576 2623 681 2688 venire
704 2623 884 2706 permisit?“

220 2724 306 2788 Dass
336 2724 421 2787 diese
451 2722 557 2787 sieben
582 2722 697 2788 Stlicke
727 2723 905 2787 siimmtlich
937 2722 996 2785 den
1023 2721 1235 2805 Syllogismcn
1264 2722 1318 2785 des

147 2824 266 2907 Apelles
282 2827 485 2886 entnommen
501 2822 579 2898 sind,
601 2823 723 2906 ergiebt
741 2822 808 2885 sich
824 2844 880 2886 aiis
895 2821 1064 2904 folgenden
1082 2820 1317 2904 Erwignngen:

221 2926 254 3004 a)
276 2921 338 2986 Die
353 2921 451 3005 Capp.
466 2919 615 2987 V-VIII
637 2925 693 2985 der
714 2919 834 2986 schrift
856 2920 894 2984 de
916 2920 1070 3005 paradiso,
1092 2920 1123 2982 in
1146 2923 1246 2984 denen
1269 2921 1318 2984 dic

148 3027 235 3098 ΒΗ
259 3021 419 3086 Einworfe
441 3021 602 3085 enthalten
624 3021 702 3099 sind,
723 3022 829 3085 bilden
851 3026 942 3085 unter
964 3021 1023 3084 den
1046 3028 1082 3086 15
1099 3018 1241 3102 Capiteln
1264 3023 1318 3083 des

148 3141 261 3204 ganzen
289 3119 435 3184 Tractats
471 3120 539 3184 eine
575 3121 685 3185 sohnrf
717 3121 923 3206 abgegrenzte
953 3119 1088 3183 Einhcit
1133 3118 1211 3182 Hier
1242 3120 1318 3203 geht

148 3221 328 3287 Ambrosius
357 3218 416 3283 anf
439 3217 600 3284 Einwdrfe
626 3242 688 3282 von
714 3220 906 3285 haretischer
932 3218 1014 3282 Seite
1040 3218 1134 3301 ein1).
1177 3218 1226 3281 Da
1253 3242 1318 3282 nun

150 3320 192 3387 die
211 3321 279 3387 drei
302 3323 406 3384 ersten
427 3318 646 3382 ausdrucklich
668 3320 725 3382 mit
748 3321 803 3383 der
825 3318 950 3382 Formel
976 3317 1158 3402 eingefi'rhrt
1179 3317 1317 3382 werden:

147 3418 300 3504 „Plerique
322 3418 415 3497 enim,
438 3439 570 3500 quorum
593 3423 701 3482 auctor
716 3419 852 3501 Apelles,
875 3419 956 3482 sicut
978 3418 1075 3481 habes
1090 3418 1122 3481 in
1138 3417 1318 3482 XXXVIII.

146 3521 221 3585 tomo
243 3520 325 3596 eius,
356 3517 414 3581 has
440 3517 637 3600 quaestiones
664 3523 877 3601 proponunt“,
904 3537 936 3580 so
963 3517 1004 3580 ist
1030 3538 1063 3580 es
1091 3518 1217 3601 genias,
1247 3521 1318 3582 dass

202 3840 226 3905 1)
244 3837 300 3891 Der
321 3831 453 3888 Einwurf
471 3848 493 3885 c.
511 3832 561 3891 IX.
580 3834 626 3886 42:
653 3832 739 3898 „Sunt
765 3833 812 3900 qui
839 3834 937 3903 putant
959 3849 1133 3899 nequaquam
1156 3833 1316 3886 mandatum

145 3919 205 3975 tun
222 3921 267 3989 (da
284 3915 481 3974 manducando
498 3920 527 3970 et
544 3933 599 3971 non
616 3918 817 3986 manducando)
836 3917 980 3970 convenire
998 3917 1066 3970 coeli
1084 3921 1112 3970 et
1135 3919 1221 3970 terrae
1234 3920 1317 3984 atquc

145 4006 254 4061 omnium
270 4000 400 4063 creatori,
417 4017 591 4068 nequaquam
609 4002 723 4071 dignum
741 4001 838 4055 incolis
856 4001 983 4070 paradisi,
1002 4018 1033 4054 eo
1051 4001 1125 4068 qnod
1144 4000 1193 4053 illa
1211 4001 1268 4054 vito
1285 4002 1316 4054 si-

145 4091 205 4146 nilia
226 4090 394 4160 angelornm
416 4085 478 4152 sio‘,
501 4085 536 4140 ist
558 4086 673 4140 anderer
694 4089 757 4153 Art,
783 4086 823 4139 als
846 4086 889 4140 dic
912 4085 1003 4139 bisher
1025 4085 1216 4152 widcrlegtcn;
1245 4085 1317 4138 deun

143 4175 287 4230 Ambrosius
314 4171 438 4228 erkcnnl
464 4169 511 4222 ihn
534 4170 690 4224 wesentlich
712 4189 760 4235 an,
786 4171 876 4223 sofern
900 4170 969 4222 auch
992 4187 1021 4223 er
1043 4169 1080 4220 im
1102 4168 1249 4235 folgenden
1273 4169 1318 4223 die

144 4259 251 4331 „spate”
268 4253 468 4327 allegorisiert.
493 4253 559 4307 Also
577 4257 689 4307 slammt
707 4272 735 4307 er
752 4255 829 4307 nicht
846 4254 923 4306 mehr
936 4272 983 4306 aus
1001 4253 1143 4306 clersclben
1156 4253 1251 4316 Quelle
1264 4254 1316 4307 wic

143 4341 177 4399 die
193 4337 452 4416 vorhcrgehendcn.
