2934 4860
226 310 276 366 Die
294 310 470 367 inhultliehe
490 311 659 381 Aneignung
676 311 725 366 der
741 309 935 380 paulinisehen
954 309 1046 364 Citate
1066 311 1152 364 durch
1171 310 1244 366 Ireu.
1290 318 1328 379 87

164 482 304 546 Christum
331 482 406 545 dem
432 477 713 563 Zusammenhung
739 483 896 564 entgegen
917 479 975 543 auf
1000 478 1048 542 die
1071 478 1183 543 beiden
1205 478 1329 544 Numen

162 582 275 659 hericht,
296 582 369 647 dem
391 579 498 646 dure
519 578 569 644 Ro
591 580 648 646 5¹⁷
669 602 707 643 zu
729 578 932 643 entuehmen:
962 578 1061 643 nescit
1074 598 1157 663 'ergo
1187 578 1329 663 (Paulus)

120 692 124 701 '
161 702 219 745 eum
238 681 297 766 qui
318 679 462 746 evolavit
483 679 644 745 Christum
666 702 685 744 u
706 678 797 754 Jesn3
819 700 920 764 neque
943 699 1012 741 eum
1033 678 1120 742 novit
1141 678 1330 743 salvatorem

159 780 203 864 qui
220 801 349 846 sursum
363 783 419 860 eut,
441 802 539 865 quem
558 778 783 864 impassibilem
806 778 923 844 dieunt.
946 777 1075 841 sienim
1097 779 1178 843 alter
1200 778 1329 863 quidem

159 902 255 965 penus
277 884 337 957 est,
359 878 441 945 ulter
462 884 571 944 eutem
585 879 788 964 impassibilis
802 878 932 954 mansit3
954 882 986 942 et
1000 877 1080 941 alter
1096 879 1220 962 quidem
1237 883 1328 943 natus

158 984 207 1057 er,
233 979 398 1045 deseendit
423 984 457 1044 et
487 1001 596 1045 nuens
625 979 753 1064 reliquit
773 1001 860 1057 eum,
892 1000 955 1042 non
977 1001 1057 1042 unus
1082 977 1135 1042 sed
1155 977 1218 1042 dno
1240 999 1329 1042 mon·

157 1084 292 1145 mur.
314 1079 468 1164 quonism
490 1084 595 1144 autem
616 1102 714 1143 uuum
728 1101 799 1143 eum
815 1084 847 1143 et
864 1078 917 1163 qui
932 1083 1026 1143 nutus
1041 1082 1088 1141 est
1103 1081 1135 1141 et
1149 1077 1203 1162 qni
1218 1099 1329 1161 pessus

156 1184 208 1260 eet,
231 1179 344 1246 desum
367 1177 530 1245 Christum
555 1179 644 1244 norit
674 1179 845 1262 spostolus,
867 1178 899 1243 iu
926 1180 1034 1241 endem
1061 1177 1194 1260 epistola
1214 1177 1329 1241 iterum

156 1280 234 1347 dut:
253 1279 305 1346 Ro
327 1281 379 1346 6³¹
394 1282 421 1357 4;
443 1302 484 1344 zu
499 1278 601 1344 einem
615 1278 777 1343 Weiteren
793 1278 880 1343 dient
894 1278 979 1342 diese
993 1277 1173 1363 tiefsinnige
1195 1276 1329 1360 paulini·

156 1381 221 1447 rebe
241 1378 341 1447 Stelle
361 1380 442 1446 uber
456 1383 514 1444 dus
536 1400 616 1444 neue
636 1379 740 1444 Leben
762 1380 816 1442 des
832 1377 1011 1462 Cldubigen
1027 1376 1085 1440 mit
1100 1376 1241 1442 Christus
1257 1380 1328 1441 dem

155 1481 224 1547 lreu.
245 1479 364 1545 ebeuso
385 1479 507 1564 wenig‚
528 1479 587 1543 wie
615 1479 664 1544 Ro
685 1479 733 1543 5⁶·
746 1477 828 1555 Μ’,
859 1476 907 1541 die
936 1498 969 1540 er
990 1476 1049 1540 mit
1070 1478 1124 1541 der
1145 1476 1329 1561 Einleitung

156 1602 252 1645 rursm
282 1568 396 1644 eutem
417 1578 603 1665 significuus
624 1577 784 1644 Christum
811 1600 936 1662 pessum
963 1581 994 1640 et
1015 1577 1118 1659 ipsum
1140 1600 1206 1641 esse
1227 1577 1327 1641 filium

155 1680 211 1755 dei,
239 1680 294 1764 qui
325 1699 385 1762 pro
414 1677 509 1743 nobis
536 1682 677 1743 mortuus
706 1685 752 1743 est
781 1684 812 1743 et
840 1677 994 1761 sauguine
1022 1696 1079 1740 suo
1111 1675 1243 1740 redemit
1270 1697 1327 1740 nos

155 1780 182 1842 iu
195 1777 359 1863 praefinito
378 1782 531 1861 tempore,
551 1778 596 1842 ait
610 1828 617 1842 .
633 1827 639 1841 .
654 1777 792 1843 unthhrt.
820 1776 986 1841 Ebenfulls
1000 1776 1034 1838 in
1048 1775 1101 1851 111,
1119 1781 1166 1853 16,
1181 1781 1200 1840 9
1216 1775 1326 1839 dienen

155 1878 248 1943 feruet
269 1877 319 1943 Ro
341 1877 532 1944 8346981Ι
553 1876 704 1962 lediglieh
727 1877 842 1943 diesem
864 1875 1031 1941 Nechweis
1053 1878 1108 1939 der
1122 1873 1251 1939 Einheit
1273 1874 1327 1938 der

156 1975 263 2043 Person
284 1976 416 2056 Christi,
447 1976 507 2041 wie
534 1997 570 2040 er
595 1999 627 2041 es
653 1977 750 2042 selbst
775 1977 1044 2041 zrrsummenfesst:
1075 1973 1217 2057 (Paulus)
1244 1973 1328 2038 hune
1453 2006 1456 2010 ’

155 2077 278 2143 eundem
292 2077 349 2161 qui
370 2076 585 2159 apprehensus
606 2081 638 2141 et
658 2098 767 2159 passus
789 2079 881 2139 estet
896 2074 1007 2138 effudit
1028 2074 1215 2157 sanguinem
1236 2097 1327 2138 suum

155 2198 205 2261 pro
223 2176 325 2254 nobis,
346 2176 433 2241 hune
455 2174 625 2255 Christum,
647 2175 730 2240 hunc
750 2174 850 2239 filium
873 2175 921 2239 dei
938 2172 1188 2237 manifestissime
1203 2194 1327 2237 annun·

155 2278 239 2354 rinus,
271 2275 328 2361 qui
353 2275 450 2339 etiam
482 2276 617 2339 surrexit
643 2280 674 2340 et
699 2279 855 2340 assumtus
883 2273 983 2338 estin
1005 2272 1117 2337 coelos.
1159 2272 1253 2337 Aueh
1274 2273 1328 2337 der

155 2374 384 2460 huferstehuug
413 2372 531 2439 Christi
562 2374 638 2439 wird
669 2397 728 2438 nur
758 2374 791 2437 in
821 2373 937 2438 diesem
967 2372 1241 2458 Zussmmenhang
1270 2374 1327 2436 mit

155 2473 388 2539 Puulusworten
401 2473 550 2558 gedseht:
564 2495 600 2537 so
617 2473 670 2550 111,
687 2478 733 2551 18,
748 2479 766 2539 3
783 2474 841 2537 mit
855 2473 869 2538 Ι
885 2473 929 2538 Co
948 2480 984 2539 15
997 2473 1023 2514 ¹²
1040 2479 1076 2538 15
1087 2473 1107 2514 ³·
1123 2475 1148 2549 ⁴3
1170 2495 1234 2537 was
1255 2472 1326 2537 liest

153 2575 222 2640 hen
252 2596 311 2639 uus
336 2576 393 2637 der
420 2571 518 2638 Stelle
543 2572 676 2636 herens?
707 2567 857 2656 φανερὸν
887 2558 950 2640 οὖν
979 2560 1034 2637 ὅτι
1063 2573 1198 2649 Παῦλος
1220 2561 1326 2637 ἄλλον

154 2671 296 2755 Χριστὸν
316 2662 382 2737 οὔκ
404 2666 507 2749 οἶδεν,
531 2660 647 2755 ἀλλ’ἢ
676 2672 804 2737 τοῦτον
834 2667 897 2738 τὸν
918 2666 1077 2738 παθόντα
1098 2674 1153 2737 καὶ
1176 2672 1327 2753 ταφέντα

150 2774 198 2838 καὶ
218 2764 419 2838 ἀναστάντα
433 2772 489 2836 καὶ
505 2771 724 2856 γεννηθέντα,
746 2758 788 2836 ὃν
801 2774 855 2836 καὶ
871 2761 1062 2856 ἄνθρωπον
1079 2772 1172 2856 λέγει.
1196 2770 1326 2837 Ebenda

151 2873 220 2937 vird
240 2870 292 2937 Ro
313 2873 396 2949 14¹³,
419 2870 495 2955 nph
516 2873 582 2950 2¹³,
604 2869 663 2937 Gal
686 2874 744 2936 3Ιει
766 2873 829 2936 und
851 2874 863 2938 Ι
887 2873 931 2937 Co
948 2873 1006 2939 8¹¹
1021 2873 1079 2936 mit
1099 2876 1171 2936 dem
1185 2872 1325 2936 Hinweis

151 2973 256 3049 sitien,
278 2974 352 3037 dass
374 2969 518 3056 (Paulus)
541 2972 656 3056 ubique
677 2972 709 3035 in
732 2973 876 3055 passione
891 2972 1010 3036 domini
1025 2973 1124 3036 nostri
1139 2978 1169 3036 et
1185 2972 1325 3035 humani-

149 3078 207 3139 nte
227 3078 260 3139 et
281 3068 529 3136 mortificatione
549 3071 615 3136 eius
636 3071 783 3136 Christi
806 3095 879 3136 usus
901 3077 948 3136 est·
969 3072 1103 3136 nomine.
1146 3069 1240 3135 Diese
1260 3071 1325 3135 rein

148 3171 335 3239 iusserliehe
351 3169 576 3254 Verwenduug
590 3170 646 3234 der
658 3169 868 3237 Pauluseitute
882 3173 924 3237 ist
941 3174 1097 3255 fruppant.
1127 3169 1190 3234 Des
1206 3170 1326 3235 diteren

147 3273 275 3339 sshnen
298 3272 358 3337 wir
378 3293 439 3335 uus
460 3270 572 3334 mitten
594 3270 626 3335 in
648 3271 864 3354 paulinisehen
889 3270 1176 3349 Cedankenreihen‚
1199 3271 1246 3334 bis
1269 3271 1326 3333 wir

146 3371 341 3439 sehlieaelieh
361 3393 403 3435 zu
424 3390 551 3434 uuserer
565 3353 809 3455 Uberrusehung
823 3370 977 3449 erfuhmn,
999 3372 1069 3435 dass
1084 3371 1162 3435 iren.
1178 3395 1218 3434 an
1234 3370 1323 3435 ihren

147 3472 304 3559 genuinen
323 3470 405 3539 Sinn
423 3489 484 3555 ger
504 3468 592 3534 nieht
611 3469 748 3555 gedseht
762 3470 824 3535 hat.
857 3471 899 3535 So
915 3472 1051 3555 operiert
1073 3494 1106 3536 er
1120 3473 1168 3535 oft
1182 3470 1240 3534 mit
1254 3473 1325 3533 dem

146 3570 315 3638 Gedauken
338 3590 468 3635 unserer
489 3566 645 3654 Erliisung
667 3569 766 3636 durch
788 3570 905 3636 Christi
927 3572 1012 3650 Blut,
1035 3571 1110 3636 aber
1127 3571 1181 3633 ihn
1200 3570 1325 3633 interes·

144 3674 215 3739 sieut
234 3670 330 3738 dsbei
352 3690 414 3733 nur
434 3666 521 3731 seine
537 3667 735 3755 Fulgerung,
757 3670 839 3749 duss,
871 3694 961 3735 wenn
983 3671 1124 3737 Christus
1146 3692 1204 3733 uns
1226 3669 1325 3732 durch

143 3773 205 3839 sein
224 3771 307 3838 Blut
328 3768 432 3836 erldst
452 3765 543 3843 habe,
562 3768 644 3833 anch
666 3793 759 3836 unser
781 3770 870 3848 Blut,
899 3773 926 3834 d.
950 3772 979 3834 h.
1002 3792 1096 3834 unser
1116 3769 1239 3835 Fleiseh
1260 3771 1324 3831 und

144 3870 214 3938 Ieib
234 3872 296 3937 mit
316 3868 418 3936 erldst
440 3870 566 3931 werden
588 3877 699 3933 mdsse.
737 3869 774 3948 V,
789 3878 817 3949 2,
842 3871 954 3934 ’2wird
976 3892 1000 3932 z.
1016 3869 1053 3935 B.
1068 3869 1125 3934 col
1142 3875 1157 3934 1
1175 3871 1199 3909 ¹⁴
1214 3868 1323 3945 eitiert,

141 3971 211 4038 uber
231 3972 285 4038 die
306 3967 411 4037 stelle
438 3964 536 4031 seibst
563 3973 666 4032 verret
692 3968 746 4033 dus
774 3969 887 4034 Motiv:
917 3970 942 4034 si
969 3974 1072 4033 autem
1097 3991 1161 4032 non
1187 3969 1325 4033 salvetur

140 4072 213 4139 haee
243 4068 452 4149 (seiherum),
485 4066 629 4132 videlieet
660 4090 718 4132 nee
753 4069 898 4133 dominus
929 4069 1081 4153 sanguine
1107 4090 1163 4132 sno
1192 4067 1325 4131 redemit

139 4194 213 4239 uos.
229 4226 236 4241 .
251 4224 259 4239 .
273 4170 412 4259 sanguis
435 4172 539 4232 autem
561 4190 624 4232 non
646 4175 693 4233 est
715 4169 773 4231 nisi
788 4192 806 4231 a
820 4168 906 4232 venis
923 4173 953 4232 et
967 4168 1110 4233 carnibus
1126 4172 1157 4231 et
1172 4189 1190 4231 ιι
1203 4166 1323 4250 relique

141 4294 214 4360 quse
236 4280 285 4341 est
306 4270 495 4339 secundum
523 4267 682 4333 hominem
710 4268 890 4332 substantia.
935 4267 1026 4333 Noeh
1056 4266 1230 4331 deutlicher
1258 4270 1323 4328 ent-
