2934 4860
414 321 471 376 Die
490 321 634 391 abjectius
651 320 869 391 Ermdgtichuug
887 323 934 376 des
951 323 1036 377 Heils.
1262 335 1318 392 175

142 489 291 573 gotttiches
318 489 450 553 Wesen
480 511 556 554 vom
585 492 724 558 Himmel
745 492 940 576 herabstieg,
976 517 1027 556 um
1051 495 1100 557 die
1122 493 1320 557 Meuschheit

142 610 188 653 rou
212 592 267 653 der
288 588 393 655 Welt
426 612 466 653 zu
500 589 625 655 erltiseu
651 594 713 657 und
740 592 797 656 mit
826 592 903 656 Gott
923 616 961 656 au
984 594 1170 679 vereinigen.
1214 593 1320 657 Allein

142 688 287 753 indieser
322 689 461 754 idealen
492 688 713 777 Vermittlung
743 692 898 756 zwischeu
930 697 990 757 den
1017 694 1143 767 beiden,
1175 694 1322 756 einander

143 790 342 873 iuuds’rquaten
371 792 441 854 und
473 790 561 853 ohne
590 791 674 856 ‹tiese
696 791 910 876 Vermittluug
935 795 1139 857 uiruahbaren
1168 792 1320 856 Factoreu

144 892 185 953 des
211 888 479 973 Heilsprocesses
510 890 644 954 bestand
675 891 769 955 ihneu
800 893 855 956 das
885 892 1059 957 Heilswerk
1086 891 1208 957 Christi.
1252 891 1321 955 Den

144 989 343 1055 historischen
360 992 538 1073 Aussngen
562 991 639 1054 siber
660 992 715 1055 das
737 990 852 1055 Leideu
875 991 990 1056 Christi
1013 993 1194 1077 gegeniiber
1215 991 1320 1055 halt'en

145 1091 180 1152 sie
198 1090 266 1154 sich
294 1088 544 1173 infulgedessen
568 1092 626 1154 auf
644 1090 863 1155 verschiedene
885 1090 993 1155 Weiss
1016 1091 1114 1155 durch
1136 1091 1186 1155 die
1208 1090 1322 1156 Unter·

145 1189 309 1275 scheiduug
332 1188 391 1253 des
408 1188 643 1253 Himmliseheu
666 1192 729 1253 und
751 1188 913 1254 Irdisehen
936 1192 965 1254 in
990 1191 1145 1267 Christus3
1167 1191 1199 1254 in
1219 1191 1323 1273 jedem

147 1286 222 1354 Falle
236 1290 318 1355 aber
332 1287 458 1352 hielteu
475 1288 523 1352 sie
538 1289 608 1367 fest,
630 1289 700 1354 dass
723 1293 777 1353 der
791 1289 917 1354 Erltiser
938 1291 1027 1355 nicht
1047 1292 1179 1375 gelitten
1200 1291 1281 1353 habe
1294 1291 1323 1370 ¹).

148 1388 244 1453 [heser
268 1388 454 1471 Trennung
485 1388 541 1451 des
567 1387 687 1453 idealen
709 1412 780 1454 voni
803 1391 1011 1455 historischen
1034 1390 1190 1469 Christus
1223 1389 1324 1453 dieser

149 1485 276 1575 Teilung
299 1489 359 1553 der
375 1486 499 1551 Person
516 1486 631 1552 Christi
654 1489 686 1551 in
709 1488 769 1553 den
791 1491 962 1555 Menscheu
985 1489 1005 1553 J
1009 1513 1087 1569 esus,
1109 1494 1163 1554 der
1186 1492 1324 1575 geboren

150 1588 192 1662 ist,
210 1589 349 1673 gelitteu
373 1611 404 1652 u.
426 1610 452 1652 s.
476 1609 516 1652 w.
539 1586 603 1665 hat,
625 1591 689 1651 und
710 1589 770 1652 deu
791 1590 942 1659 Christus,
965 1591 1020 1654 der
1042 1592 1089 1655 als
1112 1592 1325 1656 himmlisehes

152 1688 257 1754 Wesen
272 1688 328 1753 die
343 1688 511 1773 Erldsung
527 1687 707 1753 rollbracht
728 1689 791 1768 hat,
813 1696 1119 1775 entgegenzutreteu,
1144 1714 1208 1755 war
1222 1689 1325 1755 Iren.'s

152 1794 293 1854 erusteste
324 1788 461 1865 Pflicht3
491 1789 575 1851 deun
608 1789 693 1852 seine
719 1810 818 1872 gaure
839 1789 1018 1854 Heilslehre
1040 1790 1172 1855 beruhte
1191 1792 1225 1873 ja
1248 1792 1325 1854 eben

153 1888 200 1952 suf
220 1890 276 1953 der
303 1888 438 1952 Eiuheit
466 1890 525 1951 der
551 1887 654 1951 realen
677 1886 823 1952 Gottheit
842 1889 905 1952 und
928 1890 983 1953 der
1002 1890 1105 1953 realen
1129 1890 1325 1953 Menschheit

155 1988 269 2055 Christi.
312 1988 361 2053 Es
386 1987 456 2073 galt
477 2010 517 2051 zu
543 1987 706 2057 beweisen,
729 1988 799 2052 dass
822 1989 910 2052 nicht
931 1992 986 2052 der
1008 1988 1206 2052 himmlische
1229 1991 1327 2065 dean,

155 2090 278 2155 sordem
302 2089 361 2154 der
381 2086 574 2152 historisohe
594 2085 698 2164 Jesus,
724 2088 756 2150 iu
779 2091 849 2152 dem
870 2090 925 2151 der
946 2088 1048 2171 Logos
1070 2088 1118 2152 eiu
1142 2087 1328 2165 wirhlicher‚

156 2188 393 2273 leidenst'ahiger
417 2187 484 2251 und
518 2186 577 2250 den
600 2186 715 2251 Leideu
745 2189 798 2252 des
821 2188 923 2252 Todes
948 2194 1124 2274 ausgesetzt
1151 2208 1330 2271 genesener

158 2290 276 2353 hensch
307 2290 481 2374 geworden
513 2308 591 2365 war,
620 2287 674 2350 der
701 2287 828 2351 Erldser
858 2288 915 2351 sei:
949 2287 1001 2366 iil,
1032 2296 1076 2359 m,
1102 2296 1121 2353 e
1148 2287 1329 2373 significans

159 2388 310 2455 Christum
325 2410 455 2473 passum
472 2391 505 2451 et
519 2386 622 2467 ipsum
642 2409 709 2451 esse
730 2387 829 2450 filium
851 2389 910 2466 dei,
932 2389 994 2471 qui
1015 2410 1080 2470 pro
1102 2389 1210 2451 nobis
1233 2410 1328 2451 mor-

159 2493 234 2554 tuus
257 2494 317 2555 est
338 2492 375 2555 et
394 2486 585 2571 sanguiue
608 2508 673 2549 suo
696 2486 855 2550 redemit
876 2508 941 2551 nos
1038 2511 1118 2550 unus
1134 2490 1164 2551 et
1178 2490 1261 2552 idem
1284 2494 1330 2551 est

160 2588 295 2654 Christm
321 2587 416 2653 Jesus
446 2586 532 2650 filius
559 2585 621 2664 dei,
652 2586 715 2668 qui
740 2609 805 2669 per
830 2587 1043 2669 passionem
1066 2587 1332 2651 reconciliavit

160 2710 219 2751 uos
247 2691 317 2752 deo
355 2693 387 2752 et
415 2685 589 2751 resurrexit
614 2707 632 2747 a
658 2685 801 2759 mortuis,
831 2687 885 2769 qui
912 2687 1010 2750 estin
1033 2687 1160 2750 dextera
1182 2687 1278 2771 patris
1302 2693 1332 2749 et

162 2790 312 2871 perfectus
333 2787 367 2850 in
388 2786 551 2862 omnibuS,
580 2784 662 2849 huuc
684 2787 816 2849 eundem
838 2786 892 2868 qui
914 2786 1126 2869 apprehensus
1148 2792 1179 2850 et
1200 2810 1331 2870 passus

161 2894 209 2951 cst
233 2895 269 2952 et
291 2886 432 2951 effudit
453 2884 674 2968 sanguinem
697 2885 906 2967 pronubis,
937 2887 1020 2950 hunc
1043 2885 1214 2961 Christum,
1247 2887 1328 2949 huuc

163 2986 320 3052 filiumdei
336 2983 593 3049 manifestissime
607 2984 806 3062 annuntians,
821 2986 875 3068 qui
891 2987 985 3049 etiam
1007 2986 1142 3049 surrexit
1164 2991 1194 3049 et
1214 3008 1333 3049 assum·

164 3092 207 3151 tus
226 3093 274 3153 est
295 3087 328 3151 in
351 3086 499 3165 coelos‘l).
529 3082 606 3147 'dum
621 3082 722 3167 Beleg
745 3085 846 3149 dieser
860 3084 991 3149 Einheit
1013 3087 1066 3150 der
1081 3085 1198 3148 Person
1216 3084 1332 3148 Christi

166 3232 365 3243 ———--—

240 3307 267 3373 l)
285 3304 334 3371 111,
353 3305 394 3368 11,
411 3306 428 3357 3
447 3302 602 3357 secundum
621 3305 717 3356 autem
737 3301 843 3355 nullam
863 3303 1255 3368 senteutiamhaeroticorum
1274 3320 1333 3357 ver·

167 3386 223 3443 bum
239 3390 287 3444 dei
305 3405 371 3444 earo
388 3388 497 3443 factum
515 3390 566 3441 est.
597 3387 620 3441 si
638 3387 713 3440 euim
732 3386 793 3454 quis
812 3388 921 3455 regulas
941 3388 1064 3456 ipsorum
1076 3391 1275 3456 perscrutetur.
1295 3388 1333 3440 in-

169 3473 249 3528 reuiet
268 3472 403 3543 quonism
422 3473 496 3527 sino
513 3488 614 3525 carue
633 3475 666 3525 et
683 3472 910 3539 impassibilis
928 3473 964 3524 ab
983 3473 1111 3525 omnibus
1130 3472 1272 3526 inducitur
1290 3473 1335 3525 dei

169 3558 279 3612 uerbum
314 3557 364 3612 ulii
384 3559 460 3613 euim
483 3559 586 3627 putant
618 3557 828 3610 manifestatum
851 3575 914 3611 eum
938 3557 1172 3625 quemadmodum
1195 3558 1335 3610 homiuem

170 3644 396 3714 transfiguratum,
413 3658 506 3711 neque
525 3646 618 3695 autem
636 3644 735 3694 natum
753 3659 844 3709 neque
863 3643 1039 3696 incamatum
1058 3643 1156 3695 dicunt
1173 3641 1267 3694 illuni:
1287 3641 1333 3693 atii

171 3742 224 3782 vcro
240 3745 333 3797 neque
351 3728 472 3799 figuram
490 3742 555 3780 euru
572 3726 733 3780 assumsisse
752 3727 884 3781 hominis.
908 3728 955 3781 sed
979 3728 1215 3795 quemadmodum
1234 3726 1335 3779 colmu-

171 3810 224 3866 hsrn
245 3812 422 3868 descendisse
444 3812 475 3866 in
496 3827 559 3864 sum
582 3810 688 3875 Jesum,
711 3811 759 3878 qui
784 3815 866 3864 natus
888 3819 930 3865 est
948 3829 980 3865 en
1000 3812 1101 3873 tharim
1131 3814 1174 3876 ΙΙΙ,
1198 3816 1236 3875 lo,
1258 3815 1266 3863 l
1288 3810 1335 3864 alii

172 3913 224 3953 vero
246 3898 408 3969 putative
431 3914 505 3951 eum
528 3913 665 3964 passum
690 3897 856 3951 naturaliter
879 3897 1079 3965 impassibilem
1102 3898 1279 3953 existentenu
1306 3896 1336 3952 u.

173 3983 226 4048 dil
245 3986 384 4039 conantur
401 3981 557 4037 ostendere.
576 3980 651 4048 quod
669 3980 816 4033 salvatoris
835 3982 924 4051 passio
937 4000 954 4034 a
972 3983 1135 4035 duodecimo
1148 3981 1336 4049 apostulorum

173 4066 235 4122 hsta
249 4068 296 4124 sit

241 4156 269 4218 ⁶2)
286 4154 322 4209 cf.
341 4153 362 4215 I,
380 4155 405 4216 9,
420 4153 437 4205 3
455 4148 564 4219 Ἰησοῦς
582 4144 597 4203 ὃ
617 4144 722 4203 παθών
741 4144 809 4217 int-9
829 4143 915 4218 ἡμῶν,
935 4144 950 4203 ὃ
970 4146 1196 4219 κιιτασκιμ·ώσας
1215 4145 1245 4200 r'r
1265 4142 1336 4214 ἡμῖν.

174 4225 245 4305 οἶτος
260 4234 350 4304 αὐτός
366 4228 483 4293 ἐστινὸ
503 4232 591 4304 λόγος
611 4239 663 4289 τοῦ
680 4238 759 4288 θεοῦ,
798 4235 844 4289 ΙΙΙ,
867 4238 909 4298 ui,
927 4240 944 4286 s
962 4254 1046 4287 unum
1066 4239 1095 4287 et
1113 4233 1230 4288 eundem
1249 4233 1337 4285 sciens

174 4318 252 4377 Joeuur
264 4325 415 4387 Christum,
434 4320 483 4375 cui
505 4322 620 4388 apertae
638 4322 702 4372 sunt
722 4320 820 4388 portae
838 4319 907 4372 coeli
927 4323 1042 4387 propter
1061 4319 1200 4372 carnatem
1219 4318 1277 4368 eins
1296 4333 1336 4368 as·
