2934 4860
529 358 594 422 Zeit,
611 357 669 412 Ort
687 359 782 411 Autor.
1181 362 1241 422 255

651 525 789 663 pipsiuu
816 528 849 588 et
875 544 985 587 curam
1011 521 1128 586 habeat
1151 520 1241 587 obla·

673 620 1240 705 tionum,longerefugiensarnnndo

676 744 765 786 vano.
789 720 905 806 Neque
917 720 1002 785 enim
1013 724 1058 799 tu,
1073 741 1156 803 quae
1166 741 1240 803 pre-

674 821 832 884 tiosorum
859 820 1002 904 lapidum
1030 822 1063 884 et
1084 817 1241 903 margari-

673 923 779 983 tarum
793 919 990 984 ornamentis
1000 917 1157 1002 superbis,
1173 920 1240 981 tam

675 1017 809 1101 pulchra
825 1041 858 1083 ea
874 1023 911 1083 ut
925 1018 989 1097 illa,
1004 1038 1085 1102 quae
1101 1014 1170 1080 sola
1185 1037 1240 1079 na·

675 1121 748 1181 tura
770 1122 802 1183 et
824 1118 969 1183 bonitate
989 1115 1146 1201 splendet.

147 1214 241 1278 Auch
259 1218 351 1278 sonat
372 1215 444 1278 sind
463 1214 549 1279 noch
568 1215 639 1280 eine
665 1216 767 1283 Reihe
790 1217 882 1282 mehr
901 1218 980 1285 oder
993 1215 1134 1299 weniger
1149 1212 1239 1277 deut-

62 1312 165 1376 licher
192 1312 430 1399 Antt’rhrungen
456 1335 518 1378 von
545 1312 697 1393 Worten‚
723 1317 936 1382 Ausdrliclren
967 1314 1035 1378 und
1064 1312 1240 1379 Gedanken

64 1411 121 1476 der
141 1411 390 1477 Pastornlbriese
412 1434 451 1475 zu
473 1414 629 1477 notieren.

64 1499 136 1594 ἡδὲ
152 1498 264 1588 ὅντως
276 1504 362 1595 χήρα
376 1549 467 1557 --
479 1549 518 1559 -
530 1530 630 1595 προσ·
674 1517 782 1599 accipe
805 1514 1003 1580 orationes
1026 1512 1108 1595 ejus
1124 1514 1161 1575 et
1175 1511 1239 1574 ob·

63 1610 154 1692 μένει
171 1623 256 1686 ταῖς
276 1603 631 1691 δείσεσινκαὶταῑς
674 1614 843 1680 lotiones
866 1615 962 1697 ejuS‚
984 1633 1081 1695 quas
1096 1609 1170 1674 tibi
1185 1608 1239 1673 of·

64 1698 629 1792 ιιροσευχαῑςνυκτδςκαὶὴμέ·
673 1712 773 1776 feret
796 1712 855 1776 die
876 1716 1080 1794 noctuque.

64 1828 132 1888 ρας
153 1805 176 1869 I.
199 1804 279 1868 Tim.
302 1813 329 1876 5.
352 1813 380 1870 5.
650 1850 653 1879 ι
840 1833 866 1874 c.
889 1807 936 1872 III
958 1811 976 1890 ἓ
1001 1816 1046 1875 16.

62 1899 148 1987 χήρα
175 1941 214 1949 -
243 1902 270 1967 el
292 1902 506 1985 θλιβομένοις
531 1886 652 1987 tario-'l
674 1905 960 1992 [catechumenum]
1004 1905 1150 1970 debiles
1179 1926 1239 1969 su·

63 2020 160 2067 κεσεν
182 2010 209 2077 5,
237 2011 281 2069 10.
650 2002 874 2109 letentasse.
924 2028 948 2069 c.
970 2004 1044 2070 XIX
1066 2009 1086 2085 ξ
1111 2009 1179 2070 102.

62 2101 381 2186 χῆραι-λαλοῦσαι
396 2093 440 2168 τὰ
453 2094 497 2185 μὴ
509 2101 630 2167 δέοντα
651 2112 652 2127 ’
674 2105 959 2185 [catechumenum]
991 2126 1031 2168 se
1062 2104 1106 2168 ab
1137 2102 1238 2165 omni

232 2209 260 2277 5,
285 2208 332 2268 13·
661 2226 853 2290 perverso
897 2225 1071 2268 sermone
1106 2206 1238 2266 custo·

650 2306 783 2415 :disse
826 2301 1084 2386 dinewr.

672 2404 893 2469 milites-—
905 2440 945 2448 -
961 2403 1007 2467 ab
1024 2399 1126 2467 omni
1141 2400 1239 2464 mala

671 2503 830 2587 loquela
868 2501 1154 2566 abstinuerunt.

839 2623 864 2667 c.
886 2599 964 2665 XIII
985 2602 1003 2685 ἐ
1024 2606 1073 2666 72.

62 2702 222 2786 μηδεμίαν
243 2695 401 2785 ἀφορμὴν
423 2695 553 2768 διδόναι
576 2706 627 2788 top
649 2686 652 2807 l
674 2725 753 2767 neue
779 2703 844 2765 sint
871 2699 1021 2764 scandalo
1044 2699 1240 2778 hominibus,

63 2794 283 2886 ἀντικειμένῳ
325 2802 492 2886 λοιδορίας
531 2799 629 2886 χάριν
672 2807 718 2866 rta
739 2801 828 2865 utin
851 2799 1081 2864 contumeliam
1097 2801 1240 2861 vertatur

231 2910 259 2974 5,
285 2910 330 2968 14.
673 2900 952 2985 quiVosinvItavit.
967 2895 1239 2976 c.XXXIV§17⁴l.

63 2995 94 3063 ol
108 3000 222 3076 καλῶς
233 2993 628 3084 προεστῶτεςπρεοβύ-
649 3044 652 3173 Ι
674 3000 910 3084 [presbyter]
951 2997 1163 3075 examinetur,
1208 2997 1239 3060 ai

64 3119 174 3181 τεροι
197 3098 339 3176 διπλῐς
360 3100 478 3182 τιμῆς
496 3090 628 3179 ἄξιοδ-
673 3096 975 3180 estdiscipulus‚
990 3098 1239 3169 attamencaret,

62 3201 241 3275 σθωσαν,
264 3189 406 3281 μάλιστα
426 3196 458 3265 οἱ
479 3200 628 3265 κοπιών-
649 3192 652 3329 Ι
673 3198 760 3281 quod
775 3198 980 3280 presbyteros
997 3195 1095 3258 decet.
1120 3194 1240 3259 Postea

63 3319 118 3373 τες
140 3289 290 3382 ἐνλὸγῳ
306 3299 370 3361 καὶ
386 3298 629 3386 διδασκαλίᾳ.
671 3297 706 3360 in
728 3297 915 3360 societatem
935 3294 1109 3376 recipiatur
1124 3298 1157 3357 et
1174 3293 1239 3356 du-

231 3404 257 3471 5,
285 3403 328 3462 17.
672 3395 766 3479 plici
792 3395 939 3458 honore
972 3392 1182 3457 afficiatur.

649 3506 651 3577 l
836 3516 861 3559 o.
883 3493 928 3557 IX
951 3494 969 3574 ξ
992 3499 1039 3558 57.

59 3606 170 3676 χεῖρας
193 3594 320 3676 ταχέως
345 3595 462 3678 μηδενὶ
484 3595 629 3662 ἐπιτίθει
672 3594 699 3658 si
711 3593 783 3676 quis
792 3593 984 3676 petitionem
995 3591 1140 3674 porrigit,
1156 3613 1238 3673 quae

231 3704 258 3775 5,
282 3700 321 3760 22
650 3694 652 3760 l
673 3693 712 3756 ad
728 3693 829 3774 ipsius
841 3690 1077 3754 ordInationem
1089 3689 1239 3772 pertinet,

673 3829 713 3837 -
735 3828 775 3836 ..
798 3827 838 3836 -
860 3810 926 3852 non
947 3788 1037 3873 prius
1064 3787 1238 3860 ordinetur,
1330 3822 1334 3827 ·

651 3866 771 3974 lquam
792 3927 833 3936 —
863 3911 888 3952 c.
911 3887 987 3953 VIII
1009 3892 1028 3965 ξ
1051 3889 1099 3951 53.

61 3986 334 4076 πρεσβύτιδας
365 4030 403 4038 -
437 4028 475 4038 -
506 4029 545 4037 -
577 3989 630 4057 ἵνα
651 3992 653 4047 ἑ
673 3990 769 4072 hujus
785 3988 913 4073 generis
932 3984 1068 4048 mulier
1087 3985 1238 4068 inspec-

61 4092 371 4175 σωφρονίζουσιν
391 4085 629 4173 τάςνὲαςςοιλ-
651 4098 653 4119 ²
673 4089 748 4152 trix
784 4083 1057 4170 praeponenda
1089 4088 1161 4161 est,
1192 4105 1237 4165 ‘ne

59 4181 202 4271 ἁνδρους
224 4184 307 4254 εἶναι
651 4126 738 4251 lsint
759 4185 942 4249 immundae
965 4185 1022 4247 etc.

229 4287 291 4352 ru.
315 4296 343 4369 ι,
365 4288 420 4355 af.
652 4354 653 4365 p
838 4307 864 4350 ι.
886 4280 978 4346 nvn
999 4285 1018 4361 e
1038 4287 1085 4349 aa.
