2934 4860
239 337 298 399 116
400 328 499 384 Sieben
515 344 585 383 neue
597 327 782 382 Bruchstiioke
800 326 848 381 der
864 327 1048 397 syllogismon
1064 327 1113 383 dos
1128 326 1250 399 Apelles.

234 499 280 563 sie
307 496 458 562 zunichst
484 517 663 559 zusammen
689 498 755 559 und
781 494 885 561 werde
911 497 1033 560 sodann
1054 496 1145 560 ihren
1166 495 1337 581 Ursprung
1360 521 1416 561 aus

236 600 297 663 den
318 595 526 682 Syllogismen
548 595 602 658 des
624 596 752 678 Apelles
774 594 939 660 beweisen.

319 721 348 805 1)
371 721 419 785 De
439 721 550 786 Parad.
571 717 627 799 VI,
648 724 701 786 30:
728 718 866 798 „Rursus
891 719 1109 785 faciuntalias
1131 721 1333 805 quaestiones
1356 722 1416 785 hoc

232 822 339 887 modo:
370 819 445 885 Non
471 842 595 903 semper
614 820 733 883 malum
755 824 804 883 cst
824 840 888 882 uon
910 819 1036 884 obedire
1056 826 1233 903 praecepta.
1275 820 1310 885 Si
1332 821 1416 884 eninr

232 921 351 985 bonurn
374 924 423 984 est
443 923 659 1003 praeceptum,
681 919 814 982 honesta
835 923 883 983 est
904 917 1054 997 obeditio;
1077 920 1162 1004 quod
1183 920 1211 984 si
1232 921 1414 1003 improbum

233 1023 449 1105 praeceptum,
479 1040 543 1082 non
573 1017 700 1082 obedire
730 1017 816 1082 utile.
859 1016 947 1103 Ergo
973 1042 1038 1083 non
1064 1042 1188 1104 semper
1216 1020 1337 1084 malum
1367 1024 1417 1084 est

232 1143 296 1185 uon
318 1119 445 1184 obedire
467 1121 649 1201 praecepto,
677 1117 733 1181 sed
762 1119 847 1182 bouo
869 1124 1038 1203 praecepto
1059 1140 1123 1184 non
1144 1119 1274 1184 obedire
1295 1119 1415 1203 impro-

231 1220 308 1284 bum
330 1222 386 1282 est.
429 1217 555 1282 Bonum
575 1223 680 1282 autem
695 1222 743 1281 est
757 1218 971 1300 operatorium
987 1218 1177 1304 cognitionis
1200 1219 1324 1284 boniet
1339 1220 1415 1284 mali

169 1383 172 1389 ,
231 1319 363 1403 lignum,
386 1321 511 1402 quando
527 1316 653 1400 quidem
669 1315 744 1380 deus
759 1322 792 1380 et
805 1319 924 1382 bonum
939 1322 971 1382 et
989 1320 1107 1383 malum
1127 1317 1225 1384 novit
1267 1317 1415 1403 Denique

231 1419 288 1484 ait:
316 1418 415 1497 „Ecce
436 1418 540 1481 Adam
560 1415 664 1480 factus
685 1420 734 1479 est
754 1420 916 1502 tamquam
941 1440 1022 1483 unus
1044 1421 1214 1482 nostrum“.
1258 1418 1292 1484 si
1315 1418 1417 1503 igitur

232 1518 351 1582 bonum
372 1520 428 1596 est,
448 1515 611 1581 scientiam
633 1514 749 1580 habere
770 1517 899 1581 boniet
920 1517 1004 1598 mali,
1026 1517 1109 1582 boua
1129 1521 1237 1582 autem
1252 1522 1301 1581 est
1316 1540 1414 1601 quam

231 1618 327 1682 etiam
341 1616 418 1680 deus
433 1616 535 1690 habet,
555 1615 678 1679 videtur
695 1614 748 1697 qui
766 1615 925 1682 interdicit
946 1638 1016 1680 eam
1035 1616 1224 1692 hominibus,
1247 1639 1312 1682 nou
1329 1624 1414 1682 recte

230 1717 423 1796 interdicere,
443 1717 538 1799 idque
560 1718 764 1797 proponunt“.

313 1841 345 1924 2)
367 1840 399 1905 L.
421 1862 445 1905 c.
469 1838 524 1919 VI,
545 1844 598 1905 31:
626 1839 718 1919 „Alia
739 1838 895 1923 quaestio:
923 1839 982 1916 Qui
1010 1859 1072 1904 non
1098 1839 1264 1924 cognoscit
1289 1840 1410 1904 bonum

229 1947 261 2008 et
286 1941 415 2019 malurn,
449 1938 528 2003 nihil
555 1960 574 2001 a
599 1938 729 2020 parvulo
756 1938 863 2014 distat3
899 1938 1024 2021 parvuli
1049 1942 1153 2003 autem
1180 1940 1265 2022 apud
1291 1938 1412 2003 iustum

229 2040 364 2106 iudicem
386 2037 474 2102 nulla
495 2041 543 2101 est
564 2037 664 2120 culpa.
706 2035 817 2101 Justus
836 2041 943 2102 autem
964 2041 1111 2121 operator
1123 2038 1233 2102 mundi
1249 2060 1411 2122 nunquam

228 2139 396 2224 parvulum
410 2142 553 2201 vocasset
566 2136 599 2199 iu
615 2137 748 2220 culpam,
762 2140 892 2219 propter
906 2140 990 2221 quod
1004 2159 1069 2202 non
1081 2142 1276 2221 cognoverat
1289 2138 1412 2202 bonurn

229 2244 262 2304 et
286 2239 415 2313 malum,
443 2236 517 2321 quia
541 2237 690 2319 parvulus
716 2236 783 2300 sine
810 2236 876 2300 ullo
903 2240 950 2300 est
976 2236 1105 2302 crimine
1130 2237 1411 2319 praevaricationis

233 2344 265 2403 et
286 2338 420 2421 culpae“.

311 2456 343 2534 3)
364 2451 396 2517 L.
418 2474 444 2517 c.
466 2450 519 2528 VI,
541 2455 593 2517 32:
619 2448 752 2527 „Iterum
778 2453 978 2535 quaestiones
1000 2459 1118 2519 serunt:
1143 2451 1204 2530 Qui
1226 2455 1340 2532 nescit,
1361 2456 1409 2519 in·

228 2553 356 2637 quiunt,
386 2552 505 2615 bonum
527 2554 559 2614 et
578 2549 709 2626 malum,
737 2572 778 2614 ne
803 2551 907 2634 ipsum
933 2551 1060 2636 quidem
1085 2554 1176 2618 novit
1199 2575 1266 2618 esse
1288 2555 1407 2620 malurn

227 2673 292 2715 non
313 2672 438 2716 servare
459 2649 655 2727 mandatum,
684 2670 740 2713 nec
762 2649 865 2734 ipsum
887 2651 1007 2715 bonum
1028 2651 1130 2729 novit,
1158 2656 1243 2738 quod
1265 2658 1313 2718 est
1336 2655 1409 2718 obe-

227 2751 293 2814 dire
314 2750 471 2814 mandato.
513 2747 557 2813 Et
573 2750 644 2815 ideo
662 2751 814 2836 quianon
829 2755 969 2831 noverat,
990 2751 1089 2831 venia,
1108 2751 1268 2836 inquiunt,
1290 2753 1410 2839 dignus

228 2849 297 2928 fuit,
320 2849 373 2934 qui
394 2870 458 2912 nou
480 2848 626 2927 obedivit,
648 2872 712 2914 uon
735 2849 1020 2916 condemnatione“.

309 2967 340 3047 4)
363 2965 395 3030 Ic
415 2987 440 3029 c.
462 2963 531 3043 VII,
554 2970 606 3031 35:
635 2966 770 3045 „Iterum
792 2965 853 3030 alia
876 2968 1019 3050 quaestio
1046 2969 1188 3052 subrepit
1212 2972 1296 3034 unde
1322 2992 1410 3035 mors

225 3065 380 3129 accideret
400 3064 505 3145 Adae,
532 3068 639 3128 utrum
666 3069 818 3129 anatura
844 3066 925 3151 ligni
951 3067 1103 3132 eiusmodi
1129 3092 1170 3133 an
1196 3090 1271 3133 vero
1295 3092 1315 3132 a
1340 3072 1408 3133 deo.

228 3164 262 3230 Si
291 3170 421 3228 naturae
450 3164 530 3250 ligni
560 3166 619 3229 hoo
649 3164 868 3241 adscribimus,
898 3165 1021 3231 videtur
1052 3167 1131 3253 ligni
1161 3168 1255 3232 huius
1284 3167 1409 3233 fructus

226 3264 401 3329 vivificandi
419 3263 625 3330 insufflationi
647 3264 697 3328 dei
717 3269 884 3348 praestare,
906 3264 1060 3349 siquidem
1080 3289 1175 3351 quem
1192 3264 1408 3331 vivificaverat

225 3362 412 3442 insufflatio,
440 3364 561 3427 fructus
588 3363 682 3428 huius
707 3363 787 3448 ligni
813 3363 909 3428 traxit
929 3368 969 3429 ad
990 3371 1133 3431 mortem.
1176 3365 1243 3430 Aut
1264 3367 1290 3431 si
1313 3367 1410 3430 deum

226 3465 422 3545 operatorem
450 3464 559 3527 mortis
587 3485 654 3528 esse
679 3485 903 3540 memoramus,
931 3465 1039 3530 dicunt
1065 3468 1150 3550 quod
1175 3468 1303 3552 gemina
1333 3489 1407 3531 eum

226 3559 375 3642 opinione
397 3583 586 3641 accusemus,
608 3565 693 3646 quod
715 3567 771 3626 aut
791 3563 837 3627 ita
858 3563 996 3641 immitis,
1018 3570 1055 3630 ut
1075 3566 1214 3631 noluerit
1230 3566 1409 3649 ignoscere,

226 3681 298 3724 cum
319 3665 436 3742 posset,
456 3665 510 3723 aut
531 3661 558 3724 si
579 3662 741 3746 ignoscere
764 3684 830 3726 nou
852 3664 1000 3747 potuerit,
1021 3664 1164 3730 videatur
1184 3665 1356 3732 infirmus“.

309 3775 341 3859 5)
362 3775 393 3840 L.
417 3799 442 3841 c.
464 3775 549 3856 VIII,
572 3782 624 3844 38:
646 3778 781 3857 „Iterum
800 3779 955 3864 quaestio:
977 3779 1102 3846 Sciebat
1114 3782 1407 3864 praevaricatumm

225 3879 300 3939 deus
317 3875 419 3940 Adam
440 3877 588 3940 mandata
609 3899 666 3940 sua
687 3901 727 3942 au
742 3880 921 3945 nesciebat?
944 3879 979 3946 Si
999 3880 1166 3958 nesciebat,
1187 3902 1252 3945 non
1274 3887 1324 3946 est
1345 3884 1410 3948 ista

225 3974 348 4038 divinae
370 3976 534 4058 potestatis
556 3976 699 4052 assertio;
720 3977 765 4042 sie
784 3984 887 4042 autem
906 3979 1024 4043 sciebat
1039 3983 1070 4044 et
1084 3979 1289 4046 nihilominus
1303 3982 1406 4047 sciens

224 4073 413 4156 negligenda
434 4076 602 4149 mandavit,
626 4097 690 4139 non
712 4082 759 4139 est
781 4077 830 4140 dei
851 4077 969 4161 aliquid
993 4079 1189 4162 superfluum
1209 4081 1408 4165 praecipere;

224 4171 416 4253 superfluum
438 4179 543 4239 autem
564 4174 722 4259 praecepit
740 4178 940 4260 protoplasto
962 4177 1008 4241 illi
1025 4178 1122 4257 Adae,
1145 4180 1232 4263 quod
1255 4203 1327 4245 eum
1349 4202 1407 4243 no·

224 4275 313 4334 verat
328 4273 454 4339 minime
471 4280 678 4352 servaturum3
702 4273 782 4339 nihil
796 4281 901 4341 autem
918 4280 993 4341 deus
1007 4276 1200 4362 superfluum
1214 4278 1304 4354 facit,
1326 4300 1406 4364 ergo
