2934 4860
144 344 201 406 168
624 333 739 389 Zweiter
756 334 825 388 Teil.

140 505 267 569 homine
290 509 321 567 et
343 505 485 586 capiente
508 511 538 568 et
561 505 787 588 complectente
814 504 914 568 filium
940 505 998 569 dei.
1041 504 1150 569 ludem
1181 504 1313 569 nitmlich

141 605 196 668 der
218 603 305 669 Sohn
328 602 438 666 Gottes
460 603 526 667 sich
554 605 585 668 iu
614 605 664 668 die
695 603 906 669 menschliche
929 604 1153 670 Daseinsweise
1184 603 1314 689 begiebt,

141 704 239 768 bildet
261 726 294 766 er
316 705 371 766 der
393 702 590 768 Menschheit
612 726 674 768 von
696 704 763 769 sich
785 728 840 768 aus
863 707 917 768 das
940 705 1094 790 gdttliuhe
1114 705 1246 789 πνεῦμα
1266 703 1313 768 ein

142 803 205 868 und
227 803 310 867 diese
331 804 481 887 gewithnt
501 804 567 868 sich
583 805 689 880 daran,
713 803 790 869 Gott
810 804 844 868 in
858 804 925 869 sich
940 828 978 869 zu
997 806 1099 869 fassen
1121 808 1186 868 und
1208 827 1244 869 ru
1264 805 1309 868 be

144 905 283 969 wahren:
305 904 360 982 Ill,
378 909 463 982 20,2
486 904 613 968 verbum
638 905 686 968 dei
708 908 792 988 quod
815 904 969 968 habitavit
990 904 1023 968 iu
1045 905 1175 968 homine
1192 907 1222 968 et
1235 903 1315 967 filius

142 1004 279 1068 hominis
301 1004 402 1068 factus
429 1008 488 1082 est,
517 1007 552 1066 ut
577 1009 767 1068 assuesceret
797 1004 956 1069 hominem
985 1006 1145 1089 percipere
1174 1008 1265 1067 deum
1287 1007 1316 1066 et

142 1109 333 1168 assuesceret
355 1104 447 1167 deum
468 1102 610 1167 habitare
632 1102 664 1167 iu
686 1104 825 1180 hominm
848 1103 887 1183 V,
907 1110 990 1180 20,2
1012 1106 1176 1168 adunans
1199 1103 1316 1167 homi·

143 1227 224 1268 nem
246 1203 404 1285 spiritui
425 1208 461 1267 et
491 1202 668 1285 spiritum
694 1203 888 1268 collocans
920 1203 956 1267 in
988 1203 1151 1279 homine·
1183 1201 1221 1281 V,
1240 1208 1316 1278 16,2

144 1293 249 1369 ὁπότε
271 1303 306 1367 δὲ
321 1296 403 1386 σὰρξ
417 1303 549 1386 ἐγένετο
573 1292 591 1366 ὁ
611 1296 709 1387 λόγος
732 1305 794 1369 τοῦ
816 1305 974 1369 θεοῦ...
995 1296 1058 1386 τὴν
1080 1291 1244 1386 ὁμοίωσιν
1269 1310 1317 1384 βε-

143 1404 245 1487 βαίως
273 1402 471 1486 κατέστησε,
501 1398 768 1487 συνεξομοιώσας
793 1396 856 1469 τὸν
885 1392 1073 1486 ἄνθρωπον
1101 1403 1151 1486 τῷ
1182 1393 1317 1486 ἀοράτῳ

144 1504 255 1584 πατρί.
298 1502 391 1567 Diese
415 1503 649 1568 Gemeiusohuft
670 1507 725 1568 der
747 1504 945 1570 Menschheit
967 1504 1024 1567 mit
1048 1501 1124 1568 Gott
1150 1503 1250 1566 durch
1272 1501 1319 1566 die

145 1602 360 1687 Vermittlung
383 1603 499 1667 Christi
520 1603 561 1667 ist
583 1605 657 1669 aber
680 1604 768 1669 nicht
789 1605 848 1670 wie
870 1605 921 1669 bei
942 1603 1059 1667 Paulus
1080 1602 1131 1666 die
1146 1600 1318 1685 Lebensge·

146 1701 332 1766 meiuschaft
349 1702 404 1765 der
420 1701 588 1767 Gemeinde
603 1704 662 1769 mit
677 1705 828 1782 Christus,
850 1708 985 1769 sondem
1001 1704 1049 1767 die
1064 1700 1320 1786 geheimuisvolle

147 1804 354 1887 Einimpfuug
380 1802 434 1866 der
461 1802 633 1886 gottliahen
656 1805 795 1881 Qualitas
820 1803 1053 1869 rmsterblieheu
1073 1802 1196 1868 hebens
1218 1801 1250 1865 iu
1272 1801 1320 1864 die

147 1903 345 1981 fleischliche,
360 1902 578 1987 vergangliche
588 1902 616 1966 N
620 1910 690 1967 atur
704 1907 757 1968 des
768 1904 951 1968 Menschen:
967 1905 1011 1969 sie
1025 1904 1066 1967 ist
1081 1903 1169 1966 nicht
1181 1900 1320 1985 religitis·

146 2003 274 2081 sittlich,
296 2007 432 2067 sondern
453 2002 793 2086 ruystisch-realistisch
816 2005 939 2089 gafasst

231 2103 296 2166 Das
326 2101 476 2188 Heilsgut
508 2103 561 2166 der
591 2103 813 2168 ullmtihlichen
839 2103 1040 2189 Vergottung
1069 2105 1123 2165 des
1151 2099 1321 2165 Menschen

148 2201 261 2266 beruht
283 2202 350 2266 also
381 2202 516 2282 objectiv
539 2205 596 2266 aut'
620 2203 674 2266 der
699 2201 981 2288 Menschwerdung
1003 2200 1134 2267 Christi:
1164 2197 1220 2278 ΙΙΙ,
1244 2204 1320 2275 18,ῖ

149 2326 211 2385 qua
233 2301 317 2365 enim
339 2301 459 2365 ratione
481 2301 618 2366 filiorum
645 2302 825 2385 adoptionis
853 2303 919 2368 eius
940 2302 1108 2386 participes
1131 2321 1199 2364 esse
1220 2320 1322 2381 posse·

149 2423 219 2463 mus
234 2450 241 2464 .
256 2452 262 2463 .
279 2452 285 2464 .
300 2400 360 2464 nisi
382 2424 438 2484 per
457 2401 557 2465 filium
579 2426 648 2466 eam
671 2424 749 2484 qnae
777 2407 824 2466 est
850 2403 890 2466 ad
912 2402 1015 2486 ipsum
1041 2399 1264 2484 recepissemus
1284 2398 1323 2462 ab

150 2521 186 2561 eo
209 2501 473 2578 communionem,
503 2502 563 2565 nisi
591 2501 721 2564 verbum
751 2501 817 2566 eius
846 2501 1104 2566 communicasset
1133 2499 1226 2563 nobis
1253 2519 1323 2563 caro

149 2600 291 2662 factum?
313 2598 368 2677 ΙΙΙ,
387 2607 466 2679 19,2
489 2601 798 2684 quemadmodum
817 2600 1116 2666 autemadunari
1132 2619 1325 2683 possemus

149 2698 433 2781 incorruptelae
456 2705 491 2764 et
513 2700 812 2780 immortalitati,
838 2702 910 2766 nisi
933 2701 1035 2785 prius
1056 2696 1325 2781 incorruptela

152 2804 186 2862 et
208 2799 480 2864 immortalitas
502 2801 602 2864 facta
623 2801 762 2865 fuisset
789 2800 826 2864 id
848 2801 945 2883 quod
967 2805 1002 2865 et
1027 2822 1105 2878 nos,
1135 2803 1176 2863 ut
1197 2799 1325 2863 absor-

151 2899 304 2962 beretur
323 2899 419 2982 quod
443 2904 520 2964 erat
542 2899 794 2982 corruptibile
815 2901 860 2965 ab
887 2897 1147 2982 incorruptela
1169 2904 1205 2961 et
1227 2896 1325 2981 quod

151 3003 231 3063 erat
253 2998 413 3062 mortale
435 2999 478 3062 ab
500 2998 801 3078 immortalitate,
827 3004 866 3063 ut
888 2999 1059 3065 filiorum
1082 2998 1325 3081 adoptionem

152 3099 453 3182 perciperemus?
485 3098 523 3174 V,
539 3104 617 3173 36,ss
640 3100 795 3182 sapientia
816 3101 877 3178 dei,
908 3122 965 3185 per
993 3122 1088 3183 quam
1116 3097 1240 3181 plasma
1262 3096 1326 3160 eius

152 3202 384 3263 conformatum
407 3203 438 3262 et
460 3203 721 3282 concorporatum
742 3200 807 3263 filio
828 3202 1001 3283 perficitur:
1023 3204 1058 3263 ut
1079 3197 1246 3282 progenies
1262 3196 1327 3261 eius

153 3300 381 3383 primogenitus
403 3298 532 3363 verbum
563 3299 728 3363 descendat
749 3301 782 3363 in
802 3302 969 3379 facturam,
989 3301 1051 3364 hoc
1076 3297 1177 3362 estin
1200 3295 1327 3379 plasma,

153 3404 184 3462 et
206 3400 347 3482 capiatur
364 3400 404 3462 ab
426 3422 476 3476 eo;
504 3405 536 3464 et
557 3402 678 3464 factura
697 3401 808 3464 iterum
840 3400 944 3484 capiat
971 3400 1100 3464 verbum
1127 3402 1159 3461 et
1180 3399 1328 3462 escendat

152 3500 191 3562 ad
214 3522 297 3576 eum,
327 3499 566 3583 supergrediens
596 3501 738 3584 angelos,
769 3504 801 3564 et
821 3500 875 3564 fiet
901 3500 1073 3564 secuudum
1103 3497 1275 3581 imaginem
1297 3501 1328 3559 et

153 3600 387 3663 similitudinem
411 3600 468 3664 dei.
513 3600 578 3664 Das
599 3600 673 3664 Heil
695 3601 808 3664 beruht
837 3601 904 3664 also
929 3600 988 3664 anf
1017 3600 1071 3663 der
1094 3597 1327 3680 Vermischuug

154 3704 218 3763 und
234 3700 506 3785 Durchdringung
525 3704 579 3764 der
593 3700 828 3764 menschlichen
843 3699 947 3764 Natur
963 3699 1062 3765 durch
1078 3699 1137 3762 den
1153 3697 1326 3783 gottlieheu

156 3800 251 3877 Geist‚
272 3800 326 3863 der
348 3799 389 3863 im
405 3799 509 3884 Logos
532 3800 586 3864 der
601 3800 796 3865 Menschheit
811 3801 934 3863 fassbar
954 3801 1003 3864 ist.
1046 3799 1151 3862 Danu
1173 3798 1225 3862 ist
1246 3802 1327 3861 das·

154 3900 259 3965 selbe
281 3900 328 3962 im
352 3900 501 3965 Gruude
522 3900 603 3964 also
626 3901 746 3965 schon
768 3900 885 3964 durch
907 3901 967 3964 die
988 3898 1162 3963 Ankunft
1184 3897 1328 3962 Christi

156 4003 223 4064 auf
247 4000 385 4078 Erden,
419 4000 534 4065 durch
565 4002 622 4065 die
653 4001 921 4084 Erecheinung
951 4000 1013 4063 des
1044 3998 1169 4082 Logos
1201 3998 1237 4061 in
1268 3998 1329 4061 der

155 4100 483 4175 Menschennatur,
514 4100 678 4165 bewirkt
709 4104 783 4165 und
818 4099 1025 4175 erworben;
1061 4100 1144 4161 denn
1173 4097 1223 4160 die
1254 4096 1329 4160 Ver·

156 4201 331 4284 mischung,
354 4200 403 4264 die
418 4200 558 4264 aduuitio
575 4200 624 4263 dei
639 4204 677 4263 ad
693 4200 821 4284 plasma,
842 4201 883 4265 ist
900 4199 1015 4264 bereits
1030 4197 1134 4262 hierin
1148 4196 1328 4281 vollzogen:

156 4299 209 4377 lv,
219 4307 295 4379 20,l
312 4305 358 4365 ost
375 4305 479 4365 autem
494 4301 545 4366 hic
560 4301 689 4364 verbum
707 4300 772 4365 eius
788 4299 932 4364 dominus
947 4303 1056 4363 noster
1068 4297 1160 4362 Jesus
1176 4296 1329 4372 Christus,
