2934 4860
175 4296 205 4376 ad.
173 3965 205 4247 dextram
173 3689 214 3903 patris,
175 3473 205 3638 unde
175 3117 204 3417 venturus
176 2972 205 3068 est
174 2873 206 2935 in
173 2626 216 2826 gloria
171 2394 213 2588 patris
171 2255 203 2350 sui
174 2145 203 2208 et
173 1738 216 2102 angeloruin
184 1390 213 1678 suorum,
177 1255 205 1326 nt-
174 906 206 1213 retribuat
173 512 215 847 unicuique

225 4036 255 4378 secundum
234 3789 266 3982 opera
235 3603 260 3739 sua3
222 3435 264 3546 qui
222 3225 254 3392 bona
226 2883 265 3175 egerunt,
223 2752 255 2829 ad
221 2172 254 2690 resurrectionem
223 1939 262 2126 vitae,
222 1771 264 1875 qui
223 1561 254 1727 mals.
226 1218 264 1498 egerunt,
224 1087 256 1164 ad
234 753 255 1032 rrrrrr
222 515 255 752 tionem

273 4147 314 4386 judieii,
274 3941 305 4105 sicut
272 3601 314 3900 scriptum
273 3426 313 3557 esu]

326 3905 356 4046 258-
322 3540 354 3857 Debemus
322 3303 364 3500 igitur
322 3032 365 3261 vigiles
333 2851 355 2984 esse
321 2638 353 2809 omni
324 2299 364 2594 tempore,
334 2128 355 2253 non
323 1687 365 2085 indulgentes
322 1443 354 1641 oculis
323 1167 355 1400 nostris
333 819 355 1125 somnum-
322 515 355 749 Caven-

375 4227 405 4377 dum
375 4069 410 4184 est,
384 3947 405 4026 ne
371 3472 405 3890 somnolentia
382 3293 403 3409 nos
372 2891 414 3234 opprimat,
371 2639 403 2836 donec
371 2193 404 2589 inveniamus
373 1927 405 2135 locum
373 1604 411 1873 domino,
383 1391 404 1547 neve
372 1204 414 1344 quis
372 970 404 1159 dicat:
371 618 414 931 Equidem
375 511 404 575 et

423 4026 465 4378 baptizatus
424 3911 455 3973 et
433 3598 464 3859 corpore
421 3314 453 3552 Christi
424 3051 462 3272 pastus
432 2866 453 3005 sum
439 2739 444 2818 —
423 2631 453 2693 et
421 2389 453 2589 fretus
422 2146 455 2344 dicat:
423 1939 455 2091 Sum
422 1505 460 1898 christianus,
423 1387 453 1450 et
422 989 454 1344 inveniatur
421 797 454 935 talis
424 511 455 754 amator

473 3995 510 4379 deliciarum,
483 3699 504 3950 aversus
483 3619 503 3653 a
471 3258 503 3574 mandatis
471 2969 503 3218 Christi-
474 2733 504 2873 259-
470 2516 503 2689 Talis
471 2239 504 2461 similis
475 2018 505 2184 esset
472 1726 504 1967 homini
470 1382 503 1671 sordibus
471 1118 513 1327 pleno,
471 962 513 1073 qui
471 854 503 920 in
472 513 504 812 balneum

522 4125 563 4379 quidem
521 3819 560 4095 intravit,
523 3668 553 3778 sed
521 3448 563 3624 prius
521 3259 553 3403 inde
520 3007 560 3216 exivit,
532 2762 563 2952 quam
521 2549 553 2707 bene
522 2149 554 2487 defricatus
524 1914 556 2092 esset.
522 1767 554 1856 ita
524 1646 553 1714 ut
523 1377 553 1592 sordes
521 1269 553 1333 in
532 1149 553 1222 eo
521 912 553 1102 etiam
524 654 563 872 postea
522 515 555 610 in-

571 4024 604 4381 veniantur-
574 3786 604 3926 260-
571 3622 603 3740 Ille
571 3404 603 3569 enim
581 3224 603 3352 non
571 2880 603 3170 adhibuit
571 2426 603 2819 exustionem
571 2098 613 2373 spiritus,
572 1961 604 2038 de
584 1770 614 1892 qua
571 1438 613 1718 loquitur
571 1177 603 1397 beatus
571 890 603 1124 Paulus
573 515 614 838 apostolus

632 4095 662 4373 monens,
624 3979 653 4053 ut
621 3740 653 3933 simus
621 3383 653 3695 ferventes
620 3112 662 3339 spiritu
620 2893 652 3066 omni
622 2548 663 2849 tempore-

674 3909 704 4048 261-
670 3491 713 3861 Quicunque
671 3344 703 3460 hos
680 3045 703 3312 canones
670 2585 709 3008 custodierint,
682 2414 712 2537 pax
671 2143 703 2382 domini
683 1925 714 2113 super
672 1739 704 1885 illos
671 1364 704 1697 descendat
673 1273 703 1335 et
682 1053 712 1244 super
682 762 703 1012 omnem
671 513 704 723 Israel-

720 4079 753 4379 Inimicus
721 3877 753 4035 nihil
721 3540 757 3833 lucretur,
721 3386 753 3494 sed
720 2944 763 3341 requiescant
731 2759 752 2901 cum
720 2437 752 2728 omnibus
721 2234 763 2405 puris
733 2125 753 2188 in
732 1887 764 2083 regno
721 1609 753 1843 domini
720 1380 752 1578 nostri
720 1184 753 1337 Jesu
720 896 761 1153 Christi,
733 741 763 853 per
734 517 764 704 quem

772 517 814 737 Sitque

769 4175 812 4382 gloria
770 3975 809 4131 Deo,
770 3753 812 3920 patri
772 3650 802 3712 et
770 3461 802 3594 filio
772 3352 802 3415 et
769 3055 812 3307 spiritui
772 2773 809 3011 sancto,
772 2661 802 2723 et
781 2452 802 2618 nunc
774 2343 803 2406 et
782 2058 813 2300 semper
774 1955 803 2018 et
772 1848 803 1914 in
770 1557 803 1805 saecula
771 1108 803 1523 saeculorum-
771 824 804 1043 Amen-

819 4249 852 4386 laus
820 4068 852 4203 Deo
831 3779 862 4024 semper
822 3676 852 3740 et
820 3569 852 3636 in
823 3185 853 3526 aeternum.

917 4148 952 4182 ἓ
918 3999 946 4114 258-
919 3724 946 3929 donec
919 3553 952 3688 Vat3
920 3327 946 3498 Barb:
919 3154 946 3273 nisi-

522 343 573 398 Die
590 344 712 399 Canones
730 344 880 416 Hippolyti
