2934 4860
461 330 516 386 Die
533 329 758 385 Beaohaffenheit
775 331 823 385 des
840 330 1005 400 Heilsgutee.
1262 339 1319 402 153

140 488 197 578 τὴν
215 485 489 581 ἀφθαρσίαν;
516 498 556 575 V,
580 504 634 578 31,
655 504 674 565 2
696 496 729 563 αἱ
750 501 852 583 ψυχαὶ
873 490 1076 583 ἀπέρχονται
1098 499 1144 576 εἰς
1165 494 1229 566 τὸν
1250 491 1319 583 (ἀὸ-

139 599 241 679 ρατσν)
278 592 405 664 τόπον
439 592 505 665 τάν
538 587 725 682 ἀρισμένον
755 591 872 678 αῦταῑς
905 594 973 665 ἀπὸ
1008 601 1071 666 τοῦ
1097 601 1194 678 θεοῦ,
1228 595 1324 667 κάκεῖ

141 696 217 779 μέχρι
241 697 310 781 τῆς
338 687 566 776 ἀναστάσεως
593 699 753 780 φοιτῶσι,
778 700 1011 784 περιμένουσαι
1039 693 1103 784 τήν
1129 692 1320 768 ἀνάστασιν.

142 792 243 861 ἔπειτα
281 787 528 881 ἀπολαβοῦσαι
558 792 604 864 τά
637 791 776 882 σώματα
813 801 868 864 καὶ
902 788 1097 884 ὁλοκλήρως
1128 793 1321 881 ἀναστᾶσαι,

144 895 294 961 τουτέστι
316 898 538 979 σωματικῶς,
559 893 679 977 καθάς
699 900 755 963 καὶ
777 887 795 964 ὁ
817 891 933 982 κύριος
951 891 1082 985 ἀνέστη,
1105 887 1218 978 οὕτως
1232 892 1320 966 ἐλεῦ-

145 1014 251 1062 σσντσι
274 994 326 1075 εἰς
348 991 418 1081 τὴν
439 985 525 1081 ὄφιν
539 999 605 1065 τοῦ
625 1001 711 1065 θεοῦ
733 1001 949 1083 (conspectum
971 1001 1042 1080 dei).

212 1097 281 1163 Der
305 1098 490 1164 Abeohluss
515 1103 581 1164 und
604 1098 778 1165 Vollbesitz
807 1099 862 1163 des
889 1098 992 1179 Heils,
1019 1103 1079 1165 den
1110 1102 1164 1165 der
1190 1101 1320 1166 Menseh

145 1197 269 1278 eriihrt,
300 1220 399 1263 wenn
425 1198 488 1264 alle
510 1199 622 1265 Stufen
647 1200 749 1265 seiner
769 1198 995 1287 Entwioklung
1016 1201 1220 1266 durohlaufen
1242 1192 1320 1282 sind,

145 1297 180 1362 ist
206 1299 258 1362 die
280 1298 390 1383 ewige
411 1298 629 1386 Ansehauung
653 1300 770 1365 Gottes.
813 1298 850 1363 In
875 1300 991 1365 diesem
1015 1300 1185 1366 Gedanken
1207 1302 1321 1387 gipt'elt

146 1398 194 1462 der
213 1398 415 1464 irenaeisohe
430 1398 560 1486 Begriff
578 1403 631 1464 des
652 1399 774 1464 Lebens
794 1401 853 1464 mit
876 1400 959 1465 (ἔστι.
995 1399 1160 1469 Naohdem
1181 1402 1250 1467 sich
1272 1402 1321 1468 die

146 1497 317 1565 densehen
340 1498 530 1564 allmrihlieh
561 1522 602 1564 an
632 1500 691 1564 den
716 1499 855 1565 Anbliok
887 1500 996 1565 Gottes
1028 1501 1179 1585 gevvdhnt
1207 1503 1320 1581 haben,

144 1598 242 1684 gehen
269 1599 318 1664 sie
344 1621 398 1663 am
418 1598 511 1664 Ende
537 1620 619 1684 ganz
641 1600 674 1664 in
694 1600 795 1666 seiner
814 1600 1031 1686 Anuehauung
1052 1601 1119 1666 auf:
1154 1601 1209 1681 IV,
1230 1607 1278 1682 20,
1300 1610 1319 1667 5

144 1698 221 1764 viana
242 1698 377 1784 quidem
402 1702 480 1764 tuno
504 1722 563 1785 per
588 1700 731 1785 spiritum
752 1700 949 1785 prophetice,
975 1700 1060 1764 visus
1082 1706 1186 1765 autem
1210 1707 1242 1767 et
1263 1726 1320 1786 per

144 1796 239 1865 ulium
259 1797 422 1884 adoptive,
443 1798 637 1863 videbitur
657 1805 763 1865 autem
777 1801 810 1864 in
823 1823 922 1885 regno
938 1801 1096 1865 coelorum
1110 1802 1319 1885 paternaliter,

144 1899 249 1983 spiritu
271 1900 404 1984 quidem
429 1902 637 1983 praeparante
663 1899 822 1964 hominem
848 1900 881 1963 in
909 1900 1010 1964 filium
1031 1900 1094 1980 dei,
1119 1901 1187 1965 filio
1214 1905 1320 1966 autem

143 2000 314 2065 addneente
350 1999 390 2064 ad
419 2002 560 2084 patrem,
595 2002 682 2083 patre
711 2005 817 2065 autem
846 2001 1091 2083 incorruptatam
1122 2004 1256 2066 donante
1286 2000 1319 2064 in

144 2104 302 2164 aeternam
323 2099 437 2180 vitam,
458 2122 543 2185 quae
563 2098 729 2183 unicuique
748 2101 853 2164 evenit
874 2122 913 2163 ex
936 2123 972 2164 eo
994 2103 1078 2184 quod
1101 2100 1204 2165 videat
1225 2103 1319 2164 deum

144 2249 218 2265 ....
241 2199 394 2284 quoniam
415 2198 522 2263 vivere
544 2198 611 2264 sine
632 2200 696 2264 vita
717 2200 910 2284 impossibile
932 2205 991 2265 est:
1012 2199 1215 2264 subsistentia
1235 2201 1318 2266 vitae

144 2305 247 2366 autem
277 2299 319 2366 de
348 2300 398 2364 dei
428 2298 671 2385 participatione
701 2301 815 2365 evenit:
850 2294 974 2384 μετοχὴ
1004 2299 1039 2363 δὲ
1068 2300 1153 2365 θεοῦ
1180 2298 1250 2365 ἐστι
1276 2295 1318 2366 τὸ

144 2391 323 2481 γινώσκειν
343 2393 429 2465 θεὸν
452 2399 510 2463 καὶ
535 2389 718 2464 ἀπολαύειν
741 2401 801 2485 τῆς
825 2392 1056 2485 χρηστότητος
1076 2390 1195 2477 αὐτοῦ,
1217 2406 1249 2465 et
1263 2403 1318 2466 ho·
1429 2446 1433 2454 ·

146 2501 241 2566 minoe
261 2501 364 2588 igitur
383 2500 539 2565 videbunt
560 2501 659 2578 deum,
680 2503 716 2563 ut
737 2500 858 2580 vivant,
878 2522 934 2584 per
954 2500 1106 2565 visionem
1127 2500 1319 2568 immortales

145 2600 217 2665 faeti
246 2605 280 2665 et
310 2599 528 2686 pertingentes
559 2621 655 2682 usque
682 2599 714 2663 in
742 2600 844 2664 deum.
888 2600 924 2664 In
950 2600 1056 2664 diesen
1079 2601 1129 2664 die
1150 2602 1319 2687 mystisehe

148 2699 405 2765 Gednnkenreihe
434 2696 708 2764 absehliessenden
739 2700 992 2784 Betraehtungen
1019 2699 1128 2765 erhebt
1149 2701 1216 2765 sich
1237 2701 1319 2767 lreu.

147 2799 296 2864 unweilen
315 2799 351 2864 in
370 2800 479 2865 aeinen
494 2798 702 2864 Ausdrdcken
724 2824 761 2864 zu
784 2799 868 2864 einer
888 2800 1056 2884 religioseu
1071 2799 1240 2886 Innigkeit,
1260 2802 1319 2866 vvie

147 2900 199 2965 wir
219 2900 266 2966 sie
288 2904 354 2965 erat
373 2899 425 2964 bei
441 2898 604 2982 Angustia
623 2898 740 2963 wieder
759 2900 876 2965 finden:
898 2899 1051 2980 lll‚18‚v
1070 2901 1197 2965 haerere
1212 2902 1319 2985 itaque

145 3000 270 3066 feritet
295 2986 426 3084 ἥνωσεν
446 2981 513 3064 οὖν
536 2991 599 3063 τάν
620 2987 810 3083 ἄνθρωπον
832 3000 884 3084 τῷ
907 2999 994 3084 θεῷ’
1017 2997 1044 3063 εἰ
1065 2992 1110 3083 μὴ
1132 2992 1317 3086 συνηνοὶθη

147 3090 373 3184 ἀάνθρωκος
394 3101 447 3186 τῷ
468 3098 546 3183 θεοῦ
569 3089 633 3164 οῦκ
654 3088 696 3162 ἀν
720 3090 877 3185 ἠδυνήθη
902 3113 1075 3183 μετασχεῖν
1101 3100 1162 3182 τῆς
1187 3090 1318 3185 ἀφθαρ-

147 3201 224 3278 σίας·
254 3196 323 3266 ἔδει
353 3193 417 3285 γὰρ
443 3191 509 3264 τάν
534 3199 670 3283 μεσίτην
699 3198 784 3265 θεοῦ
812 3222 848 3263 τε
872 3200 927 3263 καὶ
956 3192 1157 3283 ἀνθρώπων
1183 3196 1237 3264 διά
1259 3202 1319 3284 τῆς

146 3299 227 3379 ἰδέας
247 3294 336 3386 πρὸς
356 3294 536 3384 ἑκατέρους
552 3290 759 3385 οἰκειότητος
780 3297 826 3377 εἰς
849 3300 965 3381 φιλίαν
986 3300 1041 3363 καὶ
1061 3287 1221 3382 ὁμόνοιαν
1237 3294 1319 3377 τοῦς

147 3394 356 3487 ἀμφοτέρους
385 3411 593 3483 συναγαγεῖν·
621 3398 676 3478 IV,
694 3404 781 3478 39,4
808 3399 961 3464 subiectio
992 3404 1097 3463 autem
1127 3400 1177 3463 dei
1203 3404 1249 3463 ost
1270 3422 1317 3464 re·

147 3501 260 3585 quietio
281 3505 419 3577 aeterna
443 3499 501 3579 IV,
519 3505 598 3578 13,4
620 3500 757 3564 amicitia
778 3499 827 3562 dei
849 3499 1091 3564 immortalitatis
1113 3500 1318 3563 condonatrix

148 3602 192 3667 his
211 3601 270 3688 qni
290 3600 521 3687 aggrediuntur
535 3621 616 3676 eam3
637 3598 694 3677 IV,
710 3607 759 3680 20,
774 3607 792 3665 7
807 3599 910 3684 gloria
930 3600 1013 3664 enim
1028 3600 1077 3664 dei
1092 3600 1197 3664 vivens
1213 3600 1318 3679 homo,

148 3702 207 3767 vita
225 3706 337 3768 autem
357 3697 494 3765 hominis
516 3698 593 3764 visio
616 3701 673 3765 dei.
717 3701 805 3764 Aber
826 3700 869 3762 im
891 3699 1005 3764 letzten
1024 3700 1150 3764 Grunde
1172 3699 1242 3764 sind
1255 3700 1317 3763 alle

149 3802 226 3869 dieue
248 3799 422 3868 Gedanken
441 3798 535 3865 nieht
555 3801 622 3865 rein
639 3800 778 3884 religids,
802 3800 849 3863 als
869 3800 991 3864 inueres
1005 3799 1317 3865 Heraeusverhiiltnis

149 3924 183 3966 zu
201 3900 293 3980 Gott,
325 3903 461 3970 sondern
489 3899 549 3963 mit
575 3901 660 3965 einer
686 3900 834 3985 Fiirbung
861 3900 893 3963 in
922 3903 976 3963 das
998 3900 1226 3963 Moralistisehe
1253 3903 1317 3963 und

151 3998 315 4086 Mystiaehe
335 4003 534 4079 verstanden,
555 4004 660 4065 sodass
678 4001 727 4065 die
743 4000 973 4065 Froundsehaft
994 4000 1051 4062 mit
1067 3999 1143 4064 Gott
1162 4000 1318 4064 entweder

150 4122 202 4166 nur
221 4105 277 4169 das
298 4100 449 4168 Etidllen
471 4098 574 4166 seines
589 4100 724 4165 Willens
747 4103 901 4179 bedeutet,
923 4100 999 4166 oder
1018 4101 1093 4164 aber
1115 4101 1148 4163 in
1168 4103 1239 4163 dem
1260 4123 1317 4163 un-

150 4201 340 4270 bstimmun
360 4199 538 4269 Godanken
559 4202 644 4266 einer
665 4201 856 4265 inhaltlosen
879 4200 1096 4285 Ansohauung
1119 4198 1227 4264 Gottes
1250 4222 1316 4263 ver·

153 4303 321 4373 uhwimmt
365 4302 448 4370 Iren.
471 4299 570 4366 stioht
590 4301 730 4366 daduroh
753 4301 862 4365 sohurf
881 4323 941 4365 von
964 4304 1024 4364 den
1047 4300 1245 4384 Apologeten
1267 4300 1316 4379 ab,
