2934 4860
154 344 213 406 116
315 334 415 389 Sieben
431 349 500 388 neue
512 332 697 387 Brochsttioke
715 332 763 386 der
780 331 962 402 Syllogisman
980 332 1028 386 des
1043 331 1165 403 Apelles.

149 505 195 570 sie
222 502 373 568 zundchst
399 523 578 565 zusammen
605 503 671 564 und
695 500 801 565 werde
827 502 948 565 sodann
969 500 1060 565 ihren
1081 500 1253 586 Ursprung
1276 525 1332 565 ans

152 606 212 670 den
234 601 441 688 Syllogismeu
463 600 518 665 des
539 601 668 683 Apelles
690 599 855 664 beweisen.

235 728 264 812 1)
286 727 335 792 De
354 727 466 793 Parad.
487 722 542 804 VI,
564 729 617 790 30:
643 723 781 803 „Rursus
807 724 1024 790 faciuntalias
1046 725 1249 810 quaestiones
1271 725 1332 789 hoc

148 828 255 892 modo:
286 826 360 891 Non
387 848 511 909 semper
530 824 648 888 malum
671 830 804 889 estnon
826 824 951 890 obedire
972 830 1148 908 praecepto.
1191 824 1226 889 Si
1248 825 1332 888 enim

148 928 268 993 bonum
289 929 339 990 est
359 928 576 1009 praeceptum,
597 923 730 988 honesta
751 927 799 988 est
820 923 971 1002 obeditio;
993 923 1078 1008 quod
1099 925 1128 988 si
1148 925 1330 1007 improbum

149 1031 365 1112 praeceptum,
394 1046 459 1088 non
489 1023 617 1089 obedire
646 1022 731 1087 utile.
775 1022 863 1108 Ergo
890 1045 954 1088 non
980 1046 1103 1108 semper
1132 1024 1252 1087 malum
1283 1029 1332 1087 est

147 1149 211 1192 non
234 1125 361 1190 obedire
383 1127 565 1206 praecepto,
593 1123 648 1186 sed
678 1123 763 1188 bono
784 1128 953 1208 praecepto
975 1144 1039 1188 non
1059 1123 1189 1188 obedire
1211 1122 1330 1207 impro-

147 1226 224 1290 bum
246 1228 302 1288 est.
345 1224 471 1288 Bonum
491 1228 596 1287 autem
611 1227 659 1287 est
673 1223 887 1305 operatorium
903 1223 1094 1308 cognitionis
1115 1224 1240 1289 boniet
1255 1223 1331 1287 mali

85 1390 87 1395 ,
147 1325 279 1409 lignum,
301 1322 569 1408 quandoquidem
585 1320 661 1386 deus
675 1328 707 1386 et
719 1324 840 1387 bonum
855 1327 888 1388 et
905 1323 1023 1388 malum
1036 1322 1141 1388 novit.
1183 1321 1330 1406 Denique

148 1425 204 1490 ait:
233 1424 331 1503 „Ecca
352 1424 456 1487 Adam
477 1421 580 1485 factus
601 1425 651 1485 est
670 1425 831 1507 tamquam
857 1445 938 1487 unus
960 1425 1131 1487 nostrum“.
1173 1421 1208 1488 Si
1230 1422 1332 1507 igItur

147 1524 266 1588 bonum
288 1527 344 1602 est,
364 1522 527 1588 scientiam
549 1520 665 1586 habere
686 1521 762 1586 boni
783 1527 815 1587 et
835 1523 920 1603 mali,
942 1522 1025 1587 bona
1045 1525 1154 1586 autem
1168 1526 1217 1585 est
1232 1543 1329 1605 quam

147 1624 243 1688 etiam
257 1622 334 1687 deus
349 1622 451 1696 habet,
471 1621 595 1684 videtur
611 1620 664 1702 qui
681 1620 841 1687 interdicit
862 1642 932 1685 cam
950 1620 1141 1695 hominibus,
1162 1642 1228 1684 non
1244 1627 1330 1685 recte

146 1722 339 1801 interdicere,
359 1722 454 1805 idque
475 1724 680 1803 proponunt“.
1273 1790 1280 1797 ,

229 1847 261 1931 2)
283 1846 315 1911 L.
337 1867 361 1911 a.
385 1843 439 1923 VI,
462 1850 515 1910 31:
543 1844 634 1923 „Alia
656 1843 812 1927 quaestio:
838 1843 898 1921 Qui
926 1863 988 1908 non
1014 1842 1181 1929 cognoscit
1205 1843 1326 1907 bonum

145 1953 177 2014 et
201 1948 332 2024 molum,
365 1943 445 2007 nihil
471 1965 490 2006 a
515 1943 645 2026 parvulo
672 1942 779 2019 distat,
815 1943 940 2026 parvuli
965 1944 1070 2007 autem
1096 1943 1182 2026 apud
1208 1942 1327 2006 iustum

145 2046 280 2111 iudicem
303 2043 391 2107 nulla
412 2047 459 2106 est
481 2041 581 2125 culpa
623 2041 733 2106 Justus
753 2045 858 2105 autem
881 2045 1026 2126 operator
1039 2042 1151 2106 mundi
1164 2064 1328 2125 nunquam

146 2144 312 2230 parvulum
326 2147 469 2206 vocasset
482 2141 515 2204 in
531 2142 664 2225 culpam,
678 2145 808 2224 propter
822 2145 906 2224 quod
921 2163 985 2205 non
997 2145 1192 2225 cognoverat
1206 2141 1327 2206 bonum

146 2250 178 2310 et
202 2244 332 2319 mulum,
359 2241 433 2326 quia
457 2241 606 2324 parvulus
633 2240 699 2304 sine
726 2241 792 2305 ullo
819 2245 867 2305 est
892 2241 1021 2306 crimine
1046 2241 1327 2324 praevaricationis

149 2349 181 2409 et
202 2344 337 2427 culpae“.

228 2461 259 2539 3)
281 2456 313 2523 L.
335 2478 360 2520 c.
382 2456 435 2532 Vl,
458 2461 509 2522 32:
536 2454 669 2533 „Iterum
693 2457 894 2539 quaestiones
916 2463 1034 2523 serunt:
1059 2455 1122 2535 Qui
1143 2459 1256 2536 nescit,
1277 2459 1324 2521 in·

145 2558 273 2642 quiunt,
302 2558 422 2621 bonum
444 2560 476 2620 et
495 2554 625 2632 malum,
653 2576 694 2619 ne
720 2555 823 2639 ipsum
849 2556 977 2639 quidem
1001 2558 1093 2622 novit
1116 2580 1184 2623 esse
1205 2559 1324 2623 malum

144 2679 208 2721 non
229 2678 353 2721 servare
376 2655 571 2732 mandatum,
600 2675 656 2718 nec
679 2653 782 2738 ipsum
803 2656 924 2720 bonum
944 2656 1046 2733 norit,
1074 2659 1160 2742 quod
1183 2663 1230 2722 est
1252 2657 1324 2723 obe·

144 2756 210 2820 dire
231 2756 387 2819 mandato.
429 2753 560 2821 ntideo
578 2757 731 2841 quianon
745 2759 886 2835 noverat,
906 2754 1006 2834 venia,
1025 2754 1185 2840 inquiunt,
1207 2757 1325 2842 dignus

145 2855 214 2934 fuit,
236 2855 375 2940 quinon
396 2854 543 2932 obedivit,
564 2877 629 2919 non
651 2854 936 2920 condemnatione“.

225 2973 257 3053 4)
279 2971 312 3036 h
332 2993 357 3036 o.
379 2968 448 3049 VII,
470 2975 523 3037 35:
552 2972 688 3050 „Iterum
709 2970 770 3035 alia
792 2972 936 3054 quaestio
962 2972 1105 3056 subrepit
1129 2976 1214 3038 unde
1239 2995 1326 3038 mors

142 3071 421 3151 accidentiae,
450 3073 555 3134 utrum
583 3093 601 3134 a
622 3074 735 3134 natura
760 3070 841 3156 ligni
868 3072 1020 3137 eiusmodi
1046 3096 1088 3138 an
1113 3094 1232 3137 veroa
1257 3075 1325 3137 deo.

144 3169 179 3236 Si
208 3175 338 3235 naturae
367 3169 446 3255 ligni
476 3170 536 3234 hoo
566 3169 785 3246 adscribimus,
815 3170 938 3236 videtur
969 3171 1048 3257 ligni
1078 3172 1173 3237 huius
1201 3172 1325 3237 fructus

143 3269 319 3335 vivificandi
336 3269 542 3334 insufflationi
564 3268 615 3334 dei
635 3274 801 3352 praestare,
822 3270 977 3353 siquidem
997 3293 1092 3356 quem
1110 3269 1324 3335 vivificaverat

143 3369 329 3448 insufflatio,
357 3368 478 3433 fructus
505 3368 598 3433 huius
624 3368 704 3453 ligni
729 3368 825 3434 ¹tnurit
846 3373 886 3434 ad
906 3375 1050 3436 mortem.
1093 3371 1161 3435 Aut
1181 3371 1209 3435 si
1230 3370 1326 3434 doum

143 3472 338 3552 operatorem
368 3469 477 3533 mortis
504 3491 571 3533 esse
597 3490 820 3545 memoramus,
848 3470 957 3535 dicunt
981 3473 1067 3554 quod
1093 3472 1221 3556 gemina
1250 3492 1325 3535 enm

142 3566 292 3648 opinione
314 3589 503 3646 accusemus,
525 3570 610 3651 quod
632 3573 688 3631 aut
708 3569 755 3632 ita
776 3569 913 3646 immitis,
936 3575 972 3635 ut
991 3570 1132 3635 noluerit
1148 3570 1325 3654 ignoscere,

143 3688 215 3730 cum
236 3671 353 3749 posset,
373 3670 427 3730 aut
448 3667 476 3730 si
497 3667 658 3752 ignoscere
681 3689 747 3731 non
769 3668 917 3752 potuerit,
939 3669 1082 3734 videatur
1102 3669 1273 3736 infirmus“.

226 3782 258 3866 5)
279 3782 310 3846 L.
334 3806 359 3848 c.
381 3781 467 3862 VIII,
489 3788 542 3849 38:
563 3783 699 3862 „Iterum
717 3784 872 3869 quaestio:
895 3783 1019 3852 Sciebat
1032 3786 1323 3869 praevaricaturum

142 3884 218 3946 deus
234 3882 336 3946 Adam
357 3882 505 3945 mandata
526 3904 583 3946 sua
604 3906 645 3946 an
659 3885 839 3949 nesciebat?
861 3884 896 3950 si
917 3884 1084 3962 nesciebat,
1105 3907 1170 3950 uon
1192 3891 1241 3950 est
1263 3887 1326 3951 ista

142 3980 266 4044 divinae
287 3981 452 4063 potcstatis
473 3982 616 4059 asserti03
638 3982 683 4046 sie
701 3989 804 4047 autem
824 3983 942 4048 sciebat
956 3987 988 4048 ct
1001 3983 1207 4050 nihilominus
1220 3986 1323 4051 sciens

142 4079 330 4162 negligenda
351 4080 519 4154 mandavit,
543 4102 607 4144 non
629 4086 677 4144 est
698 4082 748 4145 dei
768 4082 887 4166 aliquid
910 4083 1108 4167 superfluum
1128 4085 1325 4169 praecipere;

142 4178 334 4260 superfluum
356 4186 459 4244 autem
481 4180 640 4264 praecepit
658 4182 858 4264 protoplasto
880 4181 925 4246 illi
945 4182 1040 4260 Adae,
1062 4184 1150 4267 quod
1173 4207 1245 4249 cum
1267 4206 1324 4248 no·

142 4283 230 4340 verat
246 4278 372 4344 minime
389 4285 596 4357 servaturum
619 4279 700 4343 nihil
714 4286 819 4345 autem
835 4282 910 4346 deus
925 4280 1119 4366 superfluum
1133 4282 1222 4361 facit,
1245 4305 1324 4368 ergo
