2934 4860
142 329 201 392 282
648 322 768 391 Anhang
785 322 818 376 ll.

141 489 224 554 enim
245 490 418 565 thesauros,
434 488 489 571 qui
510 487 591 551 fiunt
611 493 759 565 stercora;
781 490 824 553 ita
845 488 1033 568 afficiuntur,
1049 492 1085 552 ut
1106 492 1227 571 putent,
1245 487 1312 551 iude

141 588 202 653 sibi
224 588 320 652 vitam
342 587 446 671 parari
466 587 555 670 quasi
576 610 666 670 pane.
702 596 749 654 11.
771 587 872 664 Quare
894 587 978 651 subit
1004 587 1145 652 animum
1166 586 1313 651 memoria

142 687 229 752 effati
244 686 442 771 dominique
458 686 545 751 dicit:
564 685 697 763 Quando
712 687 914 770 multiplicati
928 691 1003 751 sunt
1017 687 1157 752 thesauri
1173 686 1313 761 hominis,

141 790 247 851 tamen
269 785 365 849 vitam
387 808 475 850 suam
497 807 561 849 non
583 787 703 851 invenit
725 788 757 851 in
780 786 833 853 eis.

228 892 273 951 12.
295 883 403 950 Nolite
418 885 517 968 igitur
531 908 635 950 amare
650 892 823 971 argentum,
838 907 857 949 o
872 889 1027 949 amatores
1038 884 1111 964 Dei;
1130 885 1222 948 radix
1237 884 1315 947 enim

143 985 284 1049 omnium
305 985 460 1049 malorum
481 984 513 1048 in
534 1007 640 1049 amore
662 986 813 1069 pecuniae
834 989 889 1049 est.
924 990 970 1051 13.
992 983 1163 1068 Vitamque
1184 990 1315 1047 vestram

143 1086 229 1170 agite
250 1085 318 1148 sine
339 1084 560 1160 sollicitudine,
583 1084 658 1150 dicit
680 1085 775 1150 enim:
806 1084 967 1148 Habentes
988 1089 1095 1148 autem
1117 1084 1268 1148 alimenta
1288 1086 1315 1145 et

143 1185 258 1270 quibus
279 1188 434 1267 tegamur,
448 1183 498 1247 his
521 1184 660 1247 contenti
681 1207 797 1249 sumus.
829 1190 875 1249 11.
898 1183 982 1248 Audi
997 1183 1101 1268 igitur,
1116 1205 1198 1266 quae
1213 1181 1316 1245 suadet

143 1286 253 1349 beatus
267 1282 383 1346 David:
397 1281 488 1346 Jaeta
499 1304 592 1364 super
606 1282 768 1346 dominum
779 1305 886 1346 curam
897 1286 994 1362 tuam,
1008 1287 1039 1346 et
1051 1284 1119 1367 ipse
1131 1286 1163 1346 te
1174 1282 1315 1355 enutriet;

146 1392 192 1449 15.
206 1380 360 1466 imprimis
370 1384 475 1443 autem
483 1381 612 1445 Petrum
627 1382 805 1463 apostolum
816 1382 982 1446 dicentem:
994 1381 1127 1446 Omnem
1137 1380 1316 1445 sollicitudi-

143 1504 216 1546 nem
242 1485 380 1544 vestram
394 1479 595 1562 projicientes
610 1480 642 1543 in
658 1502 742 1557 eum,
758 1481 907 1564 quoniam
920 1481 983 1564 ipsi
997 1502 1072 1545 cura
1091 1486 1139 1545 est
1160 1480 1200 1544 de
1223 1479 1314 1543 vobis.

231 1586 276 1647 16.
298 1577 362 1643 Ubi
384 1584 489 1642 antem
517 1579 713 1643 adversarius
735 1581 834 1660 videt,
863 1581 1023 1644 hominem
1051 1580 1097 1644 ita
1122 1580 1316 1651 invalescere

145 1681 284 1745 secundo
307 1700 423 1763 genere
445 1678 628 1743 tentationis
651 1702 721 1742 eum
744 1680 936 1764 aggreditur.
975 1686 1021 1745 17.
1044 1678 1217 1744 Constituit
1238 1677 1317 1741 enim

145 1802 216 1843 euru
244 1778 277 1841 in
303 1778 470 1861 pinnaculo
497 1777 620 1861 templi,
651 1777 683 1840 id
710 1784 773 1858 est,
805 1781 838 1843 in
864 1800 980 1865 magna
1004 1779 1199 1864 perfectione
1225 1776 1316 1840 virtu·

145 1883 220 1942 tum.
267 1882 312 1943 18.
335 1876 427 1953 Quod
450 1878 505 1941 ubi
524 1879 643 1943 sactum
667 1882 722 1957 est,
744 1884 854 1943 suadet
875 1879 990 1958 auimo,
1011 1883 1048 1943 ut
1068 1900 1160 1942 omne
1184 1876 1317 1940 studium

144 1977 270 2041 virtutis
292 1976 431 2060 abjiciat,
453 1981 537 2061 quod
566 1976 764 2060 significatur
786 2002 822 2044 eo
845 1978 989 2057 consili0,
1021 1982 1057 2041 ut
1078 2000 1117 2041 ex
1137 1976 1194 2041 illo
1216 1978 1318 2041 sedet

145 2076 361 2162 praecipitem.
408 2084 455 2143 19.
478 2076 564 2141 Dicit
593 2079 676 2143 enim
707 2078 841 2144 homini:
873 2078 984 2142 Virtus
1014 2076 1107 2141 nimis
1138 2079 1238 2141 ardua
1266 2078 1317 2151 est,

145 2199 245 2261 neque
260 2176 378 2259 poteris
398 2176 529 2240 sufferre
550 2177 696 2241 laborem
711 2200 768 2261 pro
784 2183 852 2243 tota
866 2183 957 2243 terra.
987 2183 1037 2244 20.
1059 2176 1170 2259 Itaque
1191 2172 1318 2259 impedit

146 2300 231 2356 eum,
254 2275 422 2361 quominus
449 2280 629 2340 recordetur
655 2277 834 2355 salvatoris,
855 2277 910 2361 qni
932 2276 1022 2340 dicit:
1055 2273 1166 2339 Nolite
1197 2271 1319 2339 solliciti

147 2400 215 2441 esse
236 2376 269 2439 in
291 2375 470 2440 crastinum.
499 2381 547 2440 21.
569 2375 617 2440 De
640 2377 727 2441 omni
749 2378 839 2455 enim,
862 2377 917 2461 qui
939 2398 995 2459 per
1017 2374 1181 2440 diabolum
1202 2373 1242 2436 ad
1262 2372 1318 2436 vir·

147 2481 248 2540 tutem
270 2475 415 2556 elevatur,
432 2478 517 2558 quod
537 2475 613 2539 dicit
635 2499 707 2542 eum
727 2476 896 2540 adductum
918 2498 985 2540 esse
1003 2476 1037 2538 iu
1052 2474 1214 2539 civitatem
1236 2493 1319 2535 sanc·

147 2580 222 2639 tam.
265 2580 312 2640 22.
336 2574 485 2638 Attamen
506 2597 569 2639 non
591 2579 805 2659 perseverant,
829 2576 904 2661 quia
925 2575 1056 2639 virtutes
1084 2595 1149 2638 non
1171 2568 1319 2655 acquisie-

148 2678 222 2738 runt
243 2678 372 2757 propter
386 2674 497 2754 Deum,
511 2677 566 2738 sed
588 2679 719 2758 propter
741 2696 853 2739 vanam
871 2675 1015 2761 gloriam,
1029 2696 1109 2758 quae
1123 2676 1171 2735 est
1186 2690 1321 2754 serpeus,

148 2779 180 2838 et
201 2774 406 2852 solummodo,
421 2778 457 2837 ut
478 2774 673 2837 honorentur
693 2775 732 2838 ab
748 2774 936 2839 hominibus.
964 2778 1013 2839 23.
1035 2771 1086 2837 llli
1107 2777 1219 2855 postea
1236 2790 1321 2853 prae·

148 2874 322 2957 cipitantur
343 2878 382 2937 ad
405 2873 467 2937 ima
488 2896 506 2936 a
527 2873 693 2956 pinnaculo
715 2875 823 2959 templi
846 2881 877 2940 et
897 2872 1048 2938 interiora
1066 2893 1177 2936 eornm
1193 2870 1322 2934 disrum-

150 2978 267 3056 puntur
284 2978 316 3037 et
335 2973 412 3037 foris
428 2978 591 3056 apparent,
607 2996 685 3056 quae
700 2973 831 3038 interius
846 2971 1125 3049 abscondebantur,
1141 2973 1173 3034 et
1187 2969 1225 3034 tit
1238 2968 1323 3033 irrita

148 3072 250 3153 major
261 3095 333 3155 pars
343 3094 460 3150 eorum,
470 3094 549 3154 quae
566 3078 696 3157 egerunt
709 3073 765 3136 illi.
788 3079 836 3138 al.
851 3072 954 3158 Igitur
969 3093 1005 3135 ea
1019 3071 1106 3148 hora,
1119 3092 1183 3154 qua
1199 3067 1322 3133 foedere

150 3175 287 3257 quodam
302 3193 409 3236 coram
424 3170 492 3234 Deo
512 3193 544 3234 se
560 3171 730 3256 obstringit
743 3173 849 3251 horno,
871 3176 966 3256 atque
981 3170 1075 3235 etiam
1090 3173 1202 3252 postea
1218 3170 1324 3233 careat

149 3293 273 3336 summo
289 3271 402 3348 studio,
413 3293 453 3335 ne
463 3268 586 3333 decidat
600 3270 632 3332 in
647 3272 686 3349 id,
696 3276 782 3355 quod
797 3272 949 3356 scriptum
964 3276 1023 3335 est:
1045 3266 1096 3333 Ne
1110 3272 1216 3332 tentes
1227 3266 1323 3332 domi·

149 3395 233 3451 num,
248 3371 351 3435 Deum
365 3375 464 3433 tuum.
499 3375 547 3435 25.
570 3368 640 3434 Nisi
662 3372 746 3435 enim
761 3372 856 3435 homo
871 3370 983 3457 vigilet
996 3369 1142 3452 omnique
1157 3367 1237 3431 hora
1258 3387 1324 3450 per·

150 3476 270 3535 sereret
291 3471 324 3534 in
346 3468 496 3534 continua
517 3468 734 3534 recordatione
757 3470 829 3551 Dei,
850 3470 883 3534 in
915 3469 1129 3534 idololatriam
1158 3465 1323 3530 delabitur.

150 3577 199 3637 26.
222 3569 335 3652 Neque
357 3572 461 3631 tamen
484 3566 562 3632 scire
585 3570 665 3633 solet
686 3570 790 3649 homo,
806 3571 908 3653 qualis
931 3570 972 3634 sit
993 3569 1048 3633 illa
1069 3565 1257 3643 idololatria,
1272 3565 1325 3628 sed

151 3667 398 3754 cogitationibus
406 3666 469 3730 suis
478 3669 697 3733 tantummodo
706 3669 737 3733 id
746 3670 927 3750 revolvitse
936 3666 1223 3749 essepraeelectum
1231 3683 1325 3747 seque

149 3793 217 3836 esse
231 3768 392 3833 meliorem
408 3788 501 3849 quam
518 3771 637 3831 eeteros
650 3769 800 3834 homines.
827 3776 875 3835 27.
890 3769 977 3833 Haec
998 3771 1104 3831 autem
1119 3768 1167 3829 est
1181 3760 1325 3847 superbia

149 3877 243 3943 foeda
265 3888 369 3933 coram
390 3865 466 3929 Deo.
500 3871 548 3932 28.
570 3865 701 3942 Quando
723 3870 868 3934 diabolus
889 3868 1055 3952 persuadet
1076 3863 1181 3944 alicui,
1203 3884 1238 3927 se
1260 3880 1325 3925 esse

149 3984 313 4049 meliorem
333 3966 444 4031 ceteris
465 3965 646 4031 hominibus
669 3970 821 4047 omnibns,
836 3992 946 4033 revera
967 3968 1000 4031 id
1021 3966 1061 4030 ab
1082 3986 1119 4028 eo
1137 3963 1206 4044 jam
1228 3960 1325 4044 impe·

149 4084 252 4163 travit,
267 4088 302 4147 ut
323 4070 497 4165 prostratus
519 4064 626 4129 adoret
646 4088 687 4146 se,
701 4070 852 4155 ignorans
873 4089 983 4133 rocem
1004 4063 1131 4141 domini,
1153 4084 1217 4146 qua
1240 4058 1325 4125 dicit:

151 4184 231 4261 Qui„
257 4182 342 4247 miti,
370 4204 439 4244 sum
464 4185 495 4244 et
524 4164 653 4230 humilis
681 4171 781 4234 corde.
825 4174 873 4236 29.
899 4166 1012 4252 Neque
1042 4161 1192 4247 intelligit
1217 4180 1327 4227 vocem

151 4321 188 4331 -—
206 4322 244 4330 —
264 4321 300 4329 -
322 4281 411 4346 dicit:
441 4279 620 4353 Dominum,
638 4270 742 4335 Deum
764 4275 868 4347 tuum,
890 4264 1034 4333 adorabis
1056 4267 1088 4329 et
1112 4261 1161 4327 illi
1182 4261 1243 4326 soli
1265 4282 1326 4325 ser-
