2934 4860
143 333 202 395 262
590 323 730 380 Siebentes
748 322 867 394 Kapitel.

141 492 233 578 polyt
253 493 365 577 bringt
385 491 456 555 hier
476 490 627 575 lediglich
650 491 700 554 die
716 489 853 553 Ansicht
872 512 945 554 zum
963 489 1144 569 Ausdruck,
1167 491 1218 555 die
1238 490 1319 555 auch

143 591 222 656 'sert
222 591 357 675 ullian1)
387 590 470 656 diter
497 590 639 666 vertritt,
610 590 748 653 tdass
778 592 874 652 unter
905 588 966 653 den
996 588 1145 655 Christen
1180 612 1242 653 nur
1271 589 1320 653 die

142 691 300 775 Miirtyrer
327 691 388 754 den
412 692 540 774 Vorzug
564 695 739 774 gen'dssen,
765 686 910 771 sogleich
938 689 1020 752 nach
1049 688 1123 753 dem
1148 687 1239 753 Tode
1268 688 1320 752 des

144 789 332 854 Paradieses
353 787 516 872 teilhaftig
543 811 582 851 zu
610 789 749 865 werden,
778 786 930 851 wthrend
956 791 1049 852 sonst
1075 787 1137 852 alle
1159 788 1193 852 in
1217 788 1320 852 einem

143 888 465 954 Zwischenzustande
484 888 534 951 bis
556 909 612 951 zur
625 885 871 970 Auferstehung
892 886 1096 952 ansbewahrt
1116 886 1247 950 udrden
1270 885 1321 965 (cf.

142 987 314 1072 Ddllinger
334 987 366 1053 S.
388 992 447 1053 357
464 987 509 1064 i).

225 1086 315 1151 Aber
337 1086 405 1149 hier
426 1086 459 1148 in
476 1086 537 1149 deu
553 1085 768 1168 allgemeinen
783 1084 1038 1170 Ausfiihrungen
1053 1107 1092 1150 zu
1108 1085 1241 1166 Anfang
1257 1083 1322 1148 und

143 1184 276 1251 Sohluss
298 1185 407 1249 finden
429 1183 497 1247 sich
520 1184 625 1267 einige
643 1183 986 1269 Lieblingsausdriicke
1008 1185 1064 1248 des
1083 1182 1252 1268 Hippolyt,
1274 1182 1322 1247 die

143 1284 213 1348 sich
236 1282 318 1348 auch
341 1282 551 1366 anderweitig
566 1281 704 1366 belegen
719 1283 833 1347 lassen.
856 1283 967 1348 Gleich
982 1283 1038 1348 der
1052 1283 1199 1366 Anfang:
1221 1285 1323 1360 „Ante

145 1382 255 1447 omnia
277 1381 372 1446 nobis
395 1381 614 1445 disserendum
638 1384 686 1444 est
708 1381 747 1446 de
768 1381 831 1446 fide
848 1420 885 1428 —
909 1419 950 1428 -
973 1419 1021 1443 -.
1058 1381 1233 1447 Posuimus
1248 1401 1322 1465 ergo

144 1480 177 1545 id
198 1481 232 1543 in
255 1481 317 1545 fide
340 1480 550 1563 contentique
571 1479 605 1542 in
628 1481 714 1544 omni
736 1481 909 1564 patientia“
935 1503 961 1545 c.
983 1482 1000 1546 Ι
1022 1482 1041 1563 ἓ
1067 1489 1093 1558 1,
1113 1482 1174 1544 mit
1196 1480 1270 1544 dem
1291 1501 1323 1543 er

147 1578 217 1642 sich
238 1600 345 1664 gegcn
364 1578 483 1644 Kallist
504 1578 646 1656 wendet,
669 1580 813 1645 erinnert
831 1603 872 1644 an
895 1581 946 1645 die
967 1578 1186 1663 Wendungen
1208 1579 1243 1642 in
1271 1578 1324 1645 der

144 1675 264 1757 Refut,
285 1680 397 1742 womit
419 1700 453 1741 er
475 1678 585 1742 seinen
603 1674 813 1743 Widerstand
835 1701 941 1764 gagen
963 1679 1020 1743 ihn
1041 1679 1192 1762 bezeugt:
1214 1679 1324 1743 καίτοι

144 1764 242 1860 ἡμῶν
261 1777 429 1892 μηδέποτε
437 1772 742 1892 σιηχιαρησάντφν,
765 1770 851 1842 ἀλλὰ
864 1772 1059 1856 πλειστάκις
1073 1770 1323 1842 ἀντικαθεσταί-

145 1899 217 1940 των
239 1871 325 1960 πρὸς
339 1868 465 1954 αὐτοὺς
480 1878 533 1940 καὶ
550 1870 695 1959 διελεγξ
677 1900 709 1941 σι
713 1900 791 1941 των
807 1866 898 1941 aust
878 1900 1025 1954 ακοντας
1038 1876 1249 1991 βιασαμένων
1264 1869 1324 1960 τήν

144 1965 310 2058 ἀλήθειαν
337 1964 513 2057 ὁμολογεῖν
544 1975 615 2059 (IX,
645 1983 675 2051 73
706 1983 780 2049 440,
810 1982 849 2042 35
865 1975 895 2039 ff
897 1976 908 2059 )
939 1978 1005 2040 und
1031 1960 1074 2041 οὗ
1102 1969 1146 2041 τὰ
1176 1970 1324 2061 νοήματα

145 2070 284 2157 γνόντες
310 2062 401 2156 ἡμεῖς
427 2067 468 2140 ον’
495 2075 759 2158 συιεχωραῐῃμεν
787 2074 979 2158 ἐλέγχοντες
1005 2076 1060 2140 καὶ
1085 2067 1324 2140 ἀντικαθιστά-

146 2196 242 2254 μενσι
263 2162 348 2256 ὑπὲρ
371 2174 431 2255 τῆς
453 2165 612 2258 ἀληθείας
627 2173 692 2253 (ἸΧ,
710 2181 761 2247 11;
783 2180 852 2251 452,
874 2179 912 2241 85
928 2173 971 2256 t).
1000 2173 1061 2239 Mit
1076 2175 1148 2239 dem
1163 2173 1324 2238 Bekennt·

145 2273 206 2336 nis:
234 2274 398 2348 ..Verbum
421 2276 470 2336 est
496 2272 579 2335 filius
607 2271 681 2347 Dei,
714 2273 769 2355 qui
796 2276 846 2336 est
871 2278 995 2338 creator
1024 2274 1128 2337 omnis
1154 2277 1325 2345 creaturae,

145 2371 278 2434 visibilis
306 2376 339 2434 et
364 2371 532 2435 invisibilis
560 2374 595 2451 (c,
621 2369 635 2433 l
658 2380 676 2451 ,ξ’
699 2375 730 2452 3)
758 2370 939 2454 vergleiche
963 2395 1037 2437 man
1060 2394 1086 2438 c.
1109 2371 1206 2437 No'e't.
1229 2393 1254 2436 c.
1279 2377 1325 2445 10;

146 2476 199 2547 51,
222 2470 300 2535 ‘iffa
326 2466 443 2535 πάντα
463 2464 529 2591 γαίη
548 2463 590 2533 τὰ
611 2464 832 2591 γενόμενα-
856 2509 894 2518 -
918 2508 956 2518 -
984 2466 1077 2555 λόγῳ
1103 2471 1165 2554 μὲν
1189 2471 1325 2552 κτίζων,

146 2605 185 2615 —-
204 2606 242 2614 —
258 2607 299 2615 —
327 2557 367 2632 ὃν
388 2561 529 2653 λόγον”
514 2592 602 2651 εχων
623 2569 659 2635 ἐν
675 2565 785 2653 ἑαυτῷ
809 2561 957 2652 ἀόρατόν
978 2593 1016 2635 τε
1038 2593 1079 2635 οι
1081 2593 1123 2635 τα
1145 2570 1198 2654 τῷ
1219 2574 1325 2650 κτιζο-

145 2667 237 2751 με’νιμ
254 2661 367 2752 κόσμῳ
391 2657 517 2750 ὁρατὸν
539 2680 632 2734 aocet
651 2706 689 2714 -
711 2706 749 2714 -
766 2705 805 2714 -
827 2659 923 2754 αὐτῷ
944 2667 1040 2754 μόνῳ
1062 2664 1233 2752 πρότερον
1255 2656 1325 2750 ὁρα-

147 2760 210 2831 τὸν
232 2755 439 2850 ὑπάρχοντα,
464 2792 514 2851 τῳ
500 2768 572 2832 δὲ
595 2768 762 2852 γινομένῳ
784 2759 900 2852 κόσμῳ
924 2760 1071 2880 αίόρατον
1095 2757 1180 2833 ὄντα
1204 2756 1326 2851 ὁρατὸν

146 2879 244 2930 ποιεῖ.
273 2865 377 2942 C„ont
364 2870 413 2930 tra
434 2867 461 2929 is
464 2870 514 2930 tos
536 2867 679 2950 perditos
701 2867 857 2944 homines
879 2868 934 2951 qui
958 2868 996 2931 de
1018 2868 1116 2932 verbo
1131 2867 1194 2931 Dei
1209 2867 1326 2930 nefaria

146 2964 331 3028 edixerunt“
354 2972 391 3041 (c.
413 2964 428 3029 Ι
451 2966 468 3047 ,ὅ
490 2969 521 3045 4)
543 2967 586 3029 ist
607 2965 747 3028 dieselbe
763 2965 1045 3029 Ausdrucksweise
1069 2967 1129 3030 wie
1150 2965 1259 3030 Refut.
1275 2965 1326 3041 IX,

149 3068 198 3137 12;
226 3070 300 3140 458,
329 3064 412 3130 diff
427 3090 434 3126 :
462 3063 619 3147 ἐκφαγεῖν
649 3059 713 3146 τήν
742 3062 788 3142 εἰς
816 3059 879 3129 τόν
907 3065 1037 3148 πατέρα
1064 3064 1280 3148 βλασφημίαν
1309 3050 1325 3128 6

145 3151 292 3247 α’νόητος
314 3164 369 3228 καὶ
391 3165 560 3241 ποικίλος,
583 3152 601 3228 6
623 3152 696 3228 dvm
717 3156 812 3229 κάτω
835 3159 1006 3246 σκεδάζων
1028 3164 1243 3247 βλασφημίας
1264 3160 1325 3227 und

214 3341 239 3408 1)
259 3342 292 3395 de
312 3360 409 3398 resurr.
428 3346 516 3399 carnis
535 3363 557 3399 e.
575 3347 608 3400 43
626 3333 722 3413 (ὒαίεε
739 3346 776 3409 ΙΙ,
795 3346 867 3414 522);
894 3346 997 3413 „Nemo
1016 3345 1088 3399 enim
1106 3346 1295 3416 peregrinatus
1312 3362 1327 3399 α

145 3438 256 3492 corpore
275 3427 367 3481 statim
385 3430 546 3483 immoratur
569 3447 651 3500 penes
676 3430 830 3497 dominum,
852 3429 904 3483 nisi
928 3447 960 3484 ex
983 3429 1106 3499 martyrii
1130 3429 1326 3500 praerogativa.

145 3507 271 3577 paradiso
290 3511 400 3580 scilicet,
419 3531 473 3566 non
492 3514 593 3574 inferis,
612 3513 795 3580 diversurus“;
813 3514 847 3567 de
864 3514 958 3567 anima
975 3530 997 3566 o.
1015 3514 1048 3568 55
1066 3511 1156 3574 (Reifl'.
1175 3531 1202 3566 u.
1216 3514 1297 3567 Wiss.
1309 3513 1328 3581 1,

146 3592 204 3656 388,
218 3593 249 3645 21
261 3594 315 3661 ff.):
342 3598 453 3661 „Imma
467 3598 566 3665 inquis,
581 3598 609 3651 in
621 3597 757 3668 paradiso,
775 3616 830 3666 quo
844 3598 904 3666 jam
922 3601 988 3652 tunc
1005 3601 1037 3652 et
1058 3597 1276 3667 patriarchae
1298 3599 1328 3652 et

144 3678 345 3748 prophetae,
371 3682 533 3751 appendices
553 3683 705 3736 dominicae
723 3682 937 3747 resurrectionis,
965 3682 1001 3735 ab
1022 3680 1117 3734 inferis
1142 3682 1327 3751 migraverint.

144 3761 181 3816 Et
198 3764 335 3831 quomodo
353 3764 368 3818 J
371 3766 471 3818 ohanni
484 3767 514 3820 in
531 3766 627 3836 spiritu
640 3766 759 3836 paradisi
772 3766 847 3836 regio
860 3767 991 3825 revelata,
1004 3782 1074 3833 quae
1092 3765 1229 3821 subicitur
1241 3766 1328 3830 uun,

143 3847 254 3900 nullas
277 3848 364 3903 alias
382 3850 509 3904 animas
531 3852 618 3920 apud
640 3869 672 3905 se
695 3853 834 3921 praeter
856 3851 1038 3920 martyrum
1056 3851 1228 3906 ostendit?
1263 3852 1328 3917 Quo·

146 3931 229 3986 modo
242 3931 384 4003 Perpetua,
403 3935 551 3988 fortissima
569 3936 681 4002 martyr,
700 3935 750 3988 sub
768 3934 813 3989 die
829 3934 962 4005 passionis
979 3933 1009 3985 in
1026 3931 1196 3989 revelatione
1213 3935 1330 4008 paradisi

147 4015 220 4069 solos
241 4016 299 4069 illic
316 4022 511 4089 commartyres
529 4036 590 4072 suos
603 4018 686 4085 vidit,
703 4018 754 4072 nisi
774 4018 839 4086 quia
856 4017 940 4071 nullis
958 4016 1106 4088 romphaea
1123 4019 1245 4088 paradisi
1260 4020 1330 4090 jani-

144 4100 199 4153 trix
220 4101 294 4154 cedit
311 4101 363 4155 nisi
380 4103 427 4169 qui
455 4103 483 4156 in
500 4101 608 4156 Christo
627 4101 804 4169 decesserint,
827 4120 883 4157 non
904 4103 933 4156 in
951 4099 1058 4156 Adam?
1092 4100 1173 4157 Nova
1191 4122 1265 4159 mors
1282 4121 1330 4176 pro

144 4183 201 4239 Deo
220 4190 247 4240 et
267 4186 485 4240 extraordinaria
502 4204 550 4257 pro
563 4185 672 4240 Christo
689 4185 743 4239 alio
761 4190 789 4240 et
806 4187 913 4257 privato
924 4187 1058 4257 excipitur
1069 4186 1200 4256 hospitio.
1212 4219 1289 4230 --
1300 4218 1330 4228 -

142 4266 212 4322 Tota
229 4269 349 4338 paradisi
367 4269 452 4323 clavis
470 4274 531 4325 tuus
545 4270 684 4339 sanguis
702 4273 777 4325 est‘·.
