2934 4860
469 361 524 415 Die
543 360 766 417 Besohaffenheit
783 361 831 416 des
848 361 1013 431 Heilsgutes.
1267 367 1325 429 143

141 530 221 595 Ghter
242 531 424 596 eintreten
447 531 593 598 kbnnen:
614 529 669 609 IV,
684 536 764 610 31‚r
788 554 846 597 nos
868 538 1012 615 oportere
1027 531 1144 617 gratias
1158 550 1252 615 agere
1268 551 1325 613 pro

141 629 191 695 iilis
209 630 295 712 (soil.
321 632 547 698 Patrimohen
569 636 634 698 und
654 632 847 717 Propheten)
868 636 937 712 deo,
959 631 1109 716 quoniam
1134 631 1168 694 in
1190 634 1325 694 adventu

143 732 246 797 domini
267 732 386 799 nostri
408 734 545 798 remissa
565 737 641 798 sunt
661 733 705 798 eis
719 738 858 816 peecata.
901 732 1043 798 Deshalb
1065 730 1162 813 steigt
1183 730 1325 795 Christus

143 832 231 897 india
252 831 451 898 Unterwelt
470 832 581 912 hinab,
602 856 654 898 um
675 834 721 898 aie
742 857 779 897 zu
794 833 930 910 erlbsem
952 833 996 896 sie
1011 831 1080 895 sind
1099 830 1149 894 die
1163 829 1326 914 Einzigem

144 932 184 997 die
213 934 275 998 mit
306 934 371 998 der
397 931 601 1019 Vergebung
631 935 687 997 der
709 933 837 998 Shnden
858 933 941 998 auoh
961 933 1064 997 sotort
1085 931 1146 995 den
1167 930 1257 994 Lohn
1280 952 1325 994 er·

145 1031 254 1111 hulten,
285 1033 368 1099 weil
397 1032 498 1098 ihnen
528 1032 672 1099 derselbe
702 1033 874 1118 eigentlioh
906 1055 966 1097 nur
996 1030 1094 1097 durch
1117 1029 1173 1094 das
1195 1029 1326 1113 widrige

145 1132 471 1218 Shndenverhiingnis
485 1131 705 1198 vorenthalten
721 1135 786 1197 und
800 1154 862 1196 von
878 1131 954 1199 Gott
971 1129 1235 1218 gutgeschrieben
1249 1152 1325 1194 war:

145 1231 192 1311 lv,
203 1239 255 1311 27,
270 1241 292 1300 2
315 1239 455 1318 propter
476 1234 538 1298 hoa
553 1233 715 1297 dominum
728 1233 761 1297 in
776 1257 813 1298 ea
833 1256 913 1317 quae
934 1240 1008 1298 sunt
1022 1233 1080 1297 sub
1094 1237 1179 1297 terra
1199 1232 1325 1295 deseen-

145 1333 228 1411 dise
250 1332 531 1419 evangelisantem
553 1337 586 1397 et
605 1333 669 1398 illis
691 1336 860 1400 adventum
881 1357 985 1414 suum,
1010 1333 1194 1399 remissione
1220 1353 1325 1415 peeca-

146 1438 242 1498 tornm
273 1433 438 1499 existente
467 1432 519 1497 his
541 1433 596 1516 qui
618 1438 750 1498 credunt
768 1433 802 1498 in
824 1456 909 1510 eum3
944 1435 1141 1499 crediderunt
1166 1437 1272 1497 autem
1293 1431 1324 1494 in

146 1557 210 1598 enm
230 1556 347 1599 omnes
371 1531 429 1618 qni
442 1532 614 1617 sperabant
627 1534 661 1598 in
675 1555 756 1611 enm,
778 1533 810 1598 id
827 1539 882 1613 est
903 1535 956 1618 qui
971 1537 1140 1599 adventum
1156 1534 1221 1597 eius
1238 1553 1325 1613 prae-

146 1635 373 1699 nuntiaverunt
394 1637 428 1699 et
449 1632 713 1716 dispositionibus
728 1634 794 1699 eius
809 1635 993 1710 eerviemnt,
1014 1634 1090 1699 iusti
1104 1639 1137 1698 et
1150 1633 1325 1718 prophetae

146 1732 410 1820 etpatriarohse:
432 1733 551 1817 quibus
572 1733 718 1799 similiter
737 1740 774 1799 ut
794 1734 886 1800 nobis
900 1735 1020 1800 remisit
1035 1738 1171 1818 peccata.
1215 1732 1325 1796 Dieses

145 1840 176 1897 ut
192 1834 288 1898 nobis
311 1832 356 1898 ist
377 1832 455 1898 aber
468 1833 504 1898 in
522 1853 602 1919 ganz
615 1834 827 1899 bestimmtem
841 1835 936 1901 Sinne
953 1859 990 1899 zu
1005 1834 1184 1910 verstehem
1206 1833 1323 1916 eigest-

145 1933 202 2000 lioh
223 1933 318 2018 giebt
339 1954 375 1998 es
394 1934 450 1998 mr
470 1933 532 1997 den
554 1932 700 1997 Christen
721 1934 812 2000 keine
834 1934 1152 2020 Sdndenvergebung.
1195 1931 1233 1996 ln
1255 1935 1325 1995 dem

146 2033 295 2112 Moment,
316 2032 352 2097 in
374 2036 448 2097 dem
470 2035 527 2096 der
548 2032 681 2098 Mensoh
702 2034 802 2100 durch
817 2036 868 2100 die
880 2035 979 2100 Taufe
995 2033 1100 2100 Christ
1115 2032 1202 2110 wird‚
1223 2030 1325 2095 erhtilt

144 2155 176 2198 er
195 2134 229 2197 in
250 2133 421 2198 darselben
444 2132 496 2199 die
517 2132 744 2220 Abwasohung
765 2157 827 2200 von
848 2135 927 2200 aller
948 2134 1148 2211 Shndenlast,
1169 2131 1220 2195 die
1240 2130 1324 2195 Frei-

144 2233 218 2307 heit;
240 2232 344 2298 dnmit
364 2233 407 2297 ist
428 2232 497 2296 ihm
519 2232 570 2297 die
590 2232 841 2320 Verpfliohtung,
863 2235 947 2300 diese
969 2233 1107 2299 Freiheit
1127 2254 1199 2296 zum
1219 2230 1323 2295 Guten

145 2332 369 2409 anznwendem
390 2331 563 2418 auferlegt3
598 2356 633 2398 er
653 2333 752 2399 kann
774 2335 818 2399 sie
839 2336 914 2399 aber
934 2333 1015 2399 auoh
1037 2356 1109 2397 zum
1130 2331 1322 2396 Sohleohton

144 2433 316 2497 anwanden
329 2435 397 2496 und
412 2433 523 2497 weiter
532 2434 695 2519 stindigem
710 2436 793 2499 dann
808 2435 929 2500 ertiihrt
943 2458 977 2499 er
990 2437 1065 2500 aber
1080 2432 1171 2498 keine
1181 2431 1322 2497 Sbnden·

144 2534 328 2619 vergebung
351 2532 452 2611 mehr,
473 2535 609 2598 sondern
631 2535 708 2619 geht
730 2535 785 2599 der
807 2534 916 2599 Gnade
937 2534 1090 2618 verlustig
1112 2534 1175 2597 und
1197 2531 1323 2596 verthllt

145 2636 212 2697 dem
236 2632 377 2697 Gerioht
422 2631 505 2697 Nur
535 2632 596 2696 die
626 2633 788 2711 Sdnden,
824 2635 885 2699 die
915 2639 978 2700 der
1010 2634 1138 2699 Christ
1167 2654 1237 2697 vor
1260 2633 1323 2696 der

145 2730 271 2810 Tanis,
293 2731 378 2796 also
400 2730 566 2815 solange
587 2755 625 2796 er
645 2733 857 2818 eigentlioh
879 2736 977 2799 nooh
992 2734 1098 2799 nicht
1118 2732 1245 2797 Christ
1265 2733 1323 2811 ist,

146 2838 255 2916 getan
272 2832 353 2911 hat,
374 2831 838 2918 werdenihmvergebem
860 2835 1160 2918 fhrdiejenigen‚
1181 2833 1323 2897 welche

146 2954 182 2995 ar
215 2930 413 2997 erentuell
452 2930 548 2996 naoh
583 2935 650 2997 der
681 2933 799 2998 Taufe
834 2936 891 2999 uls
922 2934 1052 2999 Christ
1082 2932 1237 3016 begelrt,
1272 2931 1324 2995 ist

147 3030 320 3097 Christus
340 3031 450 3097 nieht
479 3032 699 3116 gestorben‚
729 3033 783 3097 sie
815 3032 934 3098 tollen
965 3033 1045 3097 also
1068 3033 1173 3097 nieht
1195 3033 1236 3095 in
1258 3035 1322 3097 das

147 3128 307 3196 Bereioh
328 3131 392 3197 der
412 3126 661 3216 Vergebung:
681 3131 736 3211 IV,
759 3139 807 3212 27,
829 3140 848 3199 2
869 3138 900 3197 et
921 3134 987 3199 iilis
1009 3133 1135 3217 (pridem
1157 3131 1276 3196 euratio
1292 3137 1323 3196 et

147 3231 286 3297 remissio
308 3237 513 3317 peecatorum
536 3252 620 3295 mors
642 3232 760 3297 domini
775 3234 848 3309 fuis
875 3239 1032 3317 propter
1053 3256 1116 3297 eos
1137 3254 1237 3311 vero,
1259 3232 1323 3316 qui

148 3354 242 3398 nuno
260 3336 443 3416 peceant,
465 3331 641 3396 Christus
656 3356 731 3397 non
748 3334 815 3397 iam
838 3335 1037 3412 morietur,
1059 3335 1122 3398 iam
1140 3333 1223 3397 enim
1238 3354 1322 3396 mors

149 3454 208 3497 non
228 3431 445 3498 dominabitur
466 3431 534 3497 eius
556 3431 634 3516 (soil.
657 3456 728 3496 zum
750 3434 882 3497 zweiten
903 3434 1015 3517 Male);
1036 3437 1091 3497 sed
1112 3434 1217 3498 veniet
1237 3434 1321 3497 filius

150 3531 302 3617 ingloria
323 3533 437 3616 patris,
468 3532 635 3615 exquirens
664 3534 703 3597 ab
725 3534 883 3598 actoribus
915 3539 946 3597 et
968 3534 1235 3617 dispensatoribus
1257 3535 1322 3597 suis

149 3632 309 3713 pecuniam
324 3653 419 3716 quam
436 3632 482 3696 eis
497 3632 636 3709 eredidit,
652 3655 723 3698 oum
739 3634 855 3697 usuris:
870 3638 902 3697 et
917 3633 1031 3716 quibus
1041 3633 1212 3715 plurimum
1228 3635 1320 3711 dedit,

149 3731 315 3814 plurimum
336 3733 376 3797 ab
398 3732 444 3796 eis
467 3732 583 3814 exiget
625 3733 689 3798 Fur
710 3737 769 3797 den
792 3734 969 3798 Christen
992 3734 1072 3797 also
1095 3732 1206 3797 keine
1229 3733 1321 3796 Ver-

150 3832 304 3918 gobung‚
322 3835 493 3896 sondern
517 3829 753 3918 Vergeltung
775 3833 900 3896 seiner
922 3834 1080 3911 Stinden‚
1101 3834 1190 3897 nieht
1205 3833 1322 3911 Gnade,

151 3931 277 3996 sordem
299 3932 444 3998 Gerioht:
475 3929 561 3996 ibid:
583 3953 641 3995 nos
663 3932 813 3996 debemus
833 3933 951 4012 timere,
972 3957 1012 3998 ne
1034 3935 1114 3998 t'orte
1137 3938 1211 4016 post
1232 3933 1320 4016 agni-

153 4030 262 4096 tionem
277 4031 395 4097 Christi
410 4034 545 4117 agentes
560 4031 679 4113 aliqnid
696 4036 780 4115 quod
794 4055 859 4096 non
873 4034 996 4117 placeat
1015 4037 1083 4109 de0‚
1107 4034 1321 4098 remissionem

154 4129 228 4196 ultra
255 4154 321 4197 non
346 4133 525 4198 habeamus
554 4130 753 4207 delictorum,
784 4133 838 4196 sed
860 4135 1063 4199 excludamur
1085 4157 1104 4197 a
1125 4154 1223 4216 reguo
1246 4133 1320 4196 eius.

155 4226 221 4297 Hier
239 4233 308 4297 tritt
327 4237 383 4299 der
397 4230 549 4296 Abstand
566 4231 656 4312 jener
671 4231 883 4296 husserliohen
899 4234 1096 4317 Auffassung
1112 4233 1165 4296 der
1180 4234 1320 4297 Studen-

156 4333 328 4420 rergebung,
347 4331 436 4399 nach
460 4332 516 4393 der
537 4329 687 4415 lediglieh
710 4331 759 4393 die
775 4330 912 4397 Freiheit
927 4334 1025 4399 durch
1041 4333 1176 4398 dieselhe
1192 4333 1319 4396 wieder-
