2934 4860
202 324 239 384 12
688 317 781 373 Erstcs
797 318 915 388 Kapitol.

380 484 583 550 Wansleben.
999 483 1180 568 Hunebcrg.

200 597 341 664 canones
357 622 437 684 quos
459 602 635 683 composuit
648 601 771 686 Hippo·
807 639 845 648 -
863 639 899 650 -
916 639 956 649 -
979 601 1023 665 Hi
1036 605 1112 665 sunt
1126 622 1263 665 canones
1279 603 1376 667 eccle-

241 699 339 784 lytns‚
371 700 517 785 princeps
552 700 770 785 opiscoporum
847 702 912 767 sinc
931 704 1150 785 etpraeceptn‚
1174 722 1256 785 quae
1277 702 1376 787 scrip·

240 797 370 873 Romae,
408 803 580 865 secundum
623 801 772 866 mandato
848 803 890 866 sit
907 801 1103 885 Hippolytus
1122 799 1269 884 princeps
1293 801 1375 883 epis-

240 899 439 964 dominorum
482 901 699 984 apostolorum
731 922 771 964 ex
847 922 999 986 coporum
1026 899 1242 964 Romanorum
1265 922 1375 966 socun-

241 999 430 1065 auctoritatc
441 999 557 1064 domini
572 1001 672 1065 nostri
682 1000 771 1065 Chri·
848 1000 923 1063 dum
934 1000 1081 1063 mundato
1095 1000 1321 1082 apostolorum,
1338 1022 1376 1065 ex

240 1098 290 1162 sti.
332 1098 412 1163 Sunt
437 1102 542 1162 cutem
571 1104 611 1165 38
629 1121 770 1165 canones.
846 1104 936 1183 parto
962 1099 1090 1183 spiritus
1116 1098 1227 1176 sancti,
1253 1098 1308 1183 qui
1329 1098 1376 1162 lo·

240 1195 426 1282 (Huneberg
447 1196 478 1263 S.
501 1197 543 1282 5).
848 1198 1005 1282 quebntur
1019 1220 1076 1283 per
1085 1220 1164 1264 oum.
1177 1198 1259 1263 Sunt
1268 1202 1375 1262 sutem

849 1319 982 1364 canones
1004 1319 1136 1362 numero
1159 1302 1207 1364 38.
1229 1333 1269 1343 -
1292 1333 1333 1342 -

200 1418 224 1459 c.
250 1403 277 1460 1.
299 1398 394 1461 trnite
416 1398 455 1462 de
482 1398 513 1461 la
541 1396 641 1461 sainte
667 1397 712 1462 foi
732 1398 771 1462 do
805 1417 831 1460 c
858 1405 883 1462 1.
907 1395 947 1460 ds
969 1402 1077 1461 sanctu
1097 1397 1168 1461 fide.

242 1493 471 1562 docus-christ.

200 1613 225 1658 o.
248 1599 276 1659 2
298 1598 353 1659 des
375 1597 518 1680 ivoques.
805 1620 829 1662 o.
852 1603 880 1663 2.
905 1597 942 1660 de
964 1595 1130 1679 episcopis.

201 1715 225 1758 c.
248 1699 275 1759 3.
297 1695 351 1759 des
378 1695 518 1761 oraisons
541 1697 636 1781 qn'on
654 1697 702 1761 dit
716 1719 770 1761 sur
803 1719 828 1763 c.
851 1701 879 1762 3.
911 1697 1011 1760 oratio
1039 1716 1134 1778 super
1161 1715 1239 1772 eum,
1265 1693 1376 1777 quiin

241 1815 319 1858 ceux
346 1795 440 1878 qn'on
460 1795 601 1861 ordonnc
626 1798 768 1880 coques,
845 1797 1028 1881 episcopum
1037 1798 1246 1872 consecratur,
1257 1796 1288 1856 ot
1298 1796 1377 1856 ordo

241 1898 274 1957 et
296 1893 335 1958 de
355 1893 469 1959 l'ordrs
491 1899 529 1959 de
551 1895 582 1960 ln
603 1917 711 1960 messe.
843 1897 968 1960 missac.

199 2015 224 2057 c.
248 2001 275 2058 4.
298 1993 336 2057 de
364 1993 564 2059 l'ordination
590 1996 632 2084 du
654 2000 768 2079 protre.
804 2019 829 2062 o.
851 2005 878 2062 4.
901 1996 938 2061 de
967 1994 1162 2060 ordinatione
1190 1994 1375 2078 presbyteri.

199 2113 224 2156 c.
245 2099 273 2158 5.
296 2092 334 2156 de
356 2092 436 2157 cello
457 2093 500 2158 du
521 2094 633 2160 dinone.
804 2116 829 2160 c.
853 2103 884 2162 5.
899 2098 937 2159 de
952 2093 1148 2159 ordinatione
1162 2093 1375 2157 diaconorum.

200 2214 223 2256 c.
245 2197 273 2257 6.
295 2191 333 2257 de
348 2214 426 2256 ceux
443 2193 498 2278 qui
512 2198 583 2258 sont
592 2195 770 2279 persicutcs
805 2217 829 2260 c.
851 2200 880 2261 6.
902 2194 940 2260 do
960 2194 1014 2265 iis,
1042 2193 1097 2277 qni
1123 2198 1254 2276 propter
1279 2191 1374 2257 fidem
1444 2213 1449 2225 ·

244 2312 325 2375 pour
344 2292 376 2356 ln
396 2291 451 2356 foi.
846 2293 956 2378 poenis
977 2292 1165 2358 afficiuntur.

203 2411 227 2455 c.
250 2397 278 2456 7.
300 2391 342 2455 du
364 2392 456 2456 choix
477 2391 516 2456 de
530 2392 725 2478 l'nnngnoste
740 2397 772 2456 et
806 2415 831 2459 c.
855 2400 882 2458 7.
904 2396 942 2457 de
977 2392 1025 2471 iis,
1065 2392 1120 2476 qui
1156 2391 1317 2477 eligimtur
1342 2390 1375 2454 in

244 2493 287 2554 dn
308 2490 496 2556 sousdinorc.
847 2496 1040 2575 anagnostns
1063 2497 1094 2556 et
1116 2492 1334 2556 subdiaconos.

202 2610 227 2653 c.
250 2594 277 2656 8.
301 2589 343 2653 du
364 2589 428 2654 don
450 2593 488 2654 de
511 2592 541 2655 ln
561 2593 660 2657 santi.
807 2615 831 2658 c.
854 2597 881 2658 8.
897 2595 935 2656 de
947 2591 1188 2656 charismatibus
1197 2591 1376 2655 sanationis.

202 2711 226 2755 c.
249 2695 278 2756 9.
301 2688 344 2753 dn
358 2688 679 2773 protrequidemouro
695 2691 772 2755 dans
807 2714 832 2758 c.
855 2697 883 2759 9.
909 2713 973 2756 non
1014 2694 1123 2756 decere
1176 2691 1373 2773 [sacerdotes]

242 2810 286 2854 un
321 2788 386 2853 lien
422 2788 568 2854 indicent
602 2812 683 2875 pour
714 2813 771 2856 son
850 2790 995 2856 habitare
1014 2791 1046 2855 in
1073 2790 1153 2856 locis
1172 2790 1289 2855 alienis.
1326 2788 1375 2852 Dc

244 2892 410 2955 cornotcre.
469 2927 472 2936 ·
850 2890 1041 2955 honorandis
1063 2891 1174 2956 viduis.

201 3010 225 3054 c.
252 2996 300 3057 10.
322 2989 360 3054 dc
382 3009 460 3054 ceux
492 2987 547 3073 qui
579 3011 612 3053 sc
646 3011 772 3055 conver·
807 3013 832 3055 c.
857 2997 903 3058 10.
925 2993 964 3055 ds
985 2989 1033 3069 iis,
1055 2990 1109 3073 qni
1132 2989 1294 3055 christiani
1307 2990 1376 3054 fieri

240 3089 353 3154 tisscnt
368 3088 771 3172 nlnroligionchrttienne.
848 3089 1032 3155 desiderant.

200 3209 224 3254 c.
250 3196 295 3253 11.
318 3192 357 3253 do
372 3187 650 3272 coluiquifsitdcs
664 3189 771 3254 idoles.
807 3210 832 3253 c.
859 3196 905 3254 11.
928 3191 966 3254 do
984 3189 1032 3264 iis,
1053 3188 1108 3272 qui
1130 3189 1284 3273 imagines
1303 3188 1376 3251 deo·

848 3310 918 3352 rum
953 3288 1017 3352 sive
1051 3289 1184 3373 pictoria
1217 3293 1284 3352 crte
1311 3287 1377 3351 sive

849 3388 1008 3470 sculptura
1030 3388 1207 3453 conficiunt

200 3619 406 3675 Abnlbnrakst:
430 3621 481 3686 „de
497 3622 552 3676 fido
573 3621 602 3676 in
619 3621 771 3676 trinitatem
789 3624 817 3675 et
833 3619 1049 3675 incarnationem
1068 3620 1170 3674 verbi“.
1198 3621 1264 3674 Mun
1275 3621 1378 3673 konnte

199 3704 312 3775 gencigt
333 3704 400 3770 scin,
422 3705 470 3759 dns
488 3706 532 3758 fdr
549 3706 610 3760 sinc
627 3706 829 3774 Nnohchmung
852 3705 899 3758 don
917 3721 940 3759 c.
958 3708 972 3758 1
992 3705 1040 3759 dor
1058 3705 1085 3758 C.
1104 3705 1138 3759 H.
1157 3723 1190 3758 nn
1209 3705 1311 3765 hulten,
1330 3704 1378 3757 der

199 3789 348 3844 donselbon
360 3789 453 3845 Inhnlt
464 3791 522 3845 hnt.
534 3821 567 3831 -
579 3791 647 3846 Sehr
664 3791 895 3845 bomerkenswert
915 3789 952 3843 ist
968 3790 1039 3843 cuch
1056 3790 1100 3843 die
1118 3790 1199 3844 Notis
1215 3788 1294 3842 Mni’s
1311 3788 1379 3841 iiber

199 3873 244 3929 dic
260 3890 379 3928 conones
396 3875 444 3929 des
461 3875 588 3940 Basilius,
606 3876 650 3929 die
668 3875 707 3928 im
716 3875 951 3929 Mcrcnriuscodox
969 3893 1004 3928 nn
1023 3872 1225 3928 zwoiterstellc
1243 3873 1296 3926 den
1304 3872 1333 3926 C.
1343 3873 1377 3926 H.

198 3957 305 4027 folgen:
322 3960 382 4026 ,‚27.
399 3958 530 4028 Ejusdem
548 3960 636 4015 sancti
655 3960 750 4013 Basilii
767 3958 861 4029 mngni
878 3975 995 4012 canonos
1012 3959 1060 4012 clii
1085 3960 1134 4013 106
1152 3959 1190 4011 dc
1208 3956 1378 4027 capitibus

197 4042 279 4096 ritui
298 4043 465 4099 ccclesias
478 4045 715 4109 convenientibus,
734 4045 833 4114 juxtn
850 4042 1283 4113 sanctorumapostolornm
1308 4057 1377 4094 con-

197 4126 405 4183 stitutiones.
440 4129 504 4182 Init.
527 4128 574 4182 fol.
597 4130 655 4183 228.
695 4128 805 4184 Canon
823 4128 961 4199 primus:
984 4127 1029 4182 De
1051 4132 1168 4181 sanctu
1190 4127 1267 4180 fide.
1294 4127 1379 4178 Anto

198 4212 308 4266 omnin
331 4213 370 4266 dc
392 4212 465 4267 fido
483 4214 699 4268 disseramus“
722 4244 755 4252 -
778 4213 898 4268 dissolbe
916 4201 1086 4267 Uberschritt
1103 4212 1160 4264 und
1178 4210 1303 4264 wdrtlioh
1321 4209 1379 4263 der·

198 4295 273 4350 solbs
291 4297 402 4366 Anfnng
419 4298 472 4352 wie
488 4313 511 4351 c
531 4299 553 4350 1.
570 4298 618 4352 dor
635 4297 664 4351 Ο.
682 4296 716 4351 Η.
