2934 4860
586 1200 795 1326 Anhang
822 1200 878 1295 Π.

217 1451 326 1520 zwei
353 1452 600 1533 Fragmenta
627 1453 990 1535 Hippolyteischer
1016 1453 1248 1536 Predigten

514 1631 601 1714 (Can.
622 1631 720 1714 Hipp.
742 1653 767 1696 c.
789 1632 910 1713 XXX.)
923 1633 946 1714 ¹)

227 1777 251 1842 I.
278 1786 302 1844 1.
345 1778 567 1844 catechumeni
602 1781 730 1844 audiant
762 1780 1014 1857 instructionem,
1047 1802 1127 1864 quae
1158 1783 1197 1843 ad
1227 1778 1320 1843 fidem

140 1879 288 1964 pertinet,
314 1884 345 1944 et
366 1901 514 1965 magnam
536 1881 710 1944 doctrinam
732 1884 863 1943 tantum.
905 1885 934 1943 2.
957 1877 1164 1961 Propinquos‚
1187 1898 1316 1942 consan-

141 1978 276 2065 guineos
303 2001 377 2043 suos
404 2002 423 2042 a
448 2003 481 2043 se
511 1984 631 2043 avertat
662 1978 829 2062 omniaque
857 1978 1057 2042 incommoda
1087 1977 1212 2056 toleret,
1239 2000 1321 2062 quae

140 2076 247 2162 ipsum
259 2078 413 2143 invadunt
426 2085 554 2164 propter
568 2080 765 2164 religionem
788 2082 819 2141 et
839 2078 929 2141 tollat
944 2099 1066 2141 crucem
1083 2099 1171 2140 suam
1186 2097 1319 2160 sequens

142 2176 344 2257 salvatorem,
366 2178 469 2262 sitque
490 2184 617 2263 paratus
632 2182 671 2243 ad
694 2177 930 2262 perpetiendam
951 2179 1084 2239 mortem
1105 2182 1234 2258 propter
1248 2196 1320 2258 pro-

142 2274 313 2340 fessionem
337 2277 461 2344 Christi.
505 2285 532 2345 3.
555 2279 719 2364 Effugium
741 2277 824 2341 enim
845 2298 909 2339 non
931 2274 1129 2358 relinquitur,
1150 2275 1320 2358 quominus

142 2372 251 2450 homo,
275 2376 329 2460 qui
351 2378 577 2461 perfectionem
599 2378 734 2461 quaerit,
755 2380 908 2453 tentetur,
931 2374 1013 2439 sicut
1034 2377 1174 2451 tentatus
1197 2378 1244 2438 est
1266 2377 1322 2436 do-

142 2475 249 2539 minus
271 2480 378 2540 noster
398 2476 448 2540 his
462 2477 564 2541 tribus
585 2476 820 2555 tentationibus,
836 2475 955 2540 scilicet
978 2474 1158 2556 cupiditate,
1173 2473 1321 2557 superbia

144 2579 176 2639 et
199 2595 304 2639 amore
326 2576 401 2639 auri.
438 2585 466 2642 4.
487 2576 637 2641 Tentator
658 2578 740 2641 enim
760 2575 947 2639 salvatorem
965 2578 1108 2638 nostrum
1126 2573 1323 2653 jejunantem

143 2693 201 2736 sua
222 2672 347 2739 fallacia
361 2697 530 2763 aggressus
553 2678 644 2742 dixit:
668 2676 702 2741 Si
724 2681 758 2739 tu
780 2698 813 2739 es
835 2674 918 2739 filius
934 2673 1003 2751 Dei,
1025 2673 1084 2749 dic,
1107 2677 1144 2736 ut
1164 2672 1245 2754 lapis
1267 2670 1321 2734 ille

142 2771 199 2836 fiat
219 2773 319 2856 panis.
352 2783 378 2840 5.
402 2775 451 2840 Tu
474 2777 573 2861 igitur
593 2775 695 2849 etiam,
719 2798 737 2838 o
753 2779 863 2852 asceta
878 2775 904 2838 si
920 2773 1050 2857 proprio
1066 2777 1154 2836 motu
1165 2769 1321 2852 jejunium

143 2870 202 2936 tibi
226 2873 361 2956 elegisti,
378 2897 451 2939 care
473 2876 540 2955 tibi,
561 2899 600 2939 ne
622 2876 769 2939 admittas
792 2873 998 2957 cogitationes
1013 2873 1089 2954 ejus,
1123 2877 1150 2937 6.
1173 2869 1322 2933 Suadebit

144 2970 228 3035 enim
250 2973 323 3050 tibi,
346 2978 382 3037 ut
407 2974 562 3060 infringas
585 2975 759 3040 devotionis
785 2977 859 3037 tuae
881 2972 1093 3056 propositum,
1117 2968 1273 3052 imprimis
1294 2968 1322 3031 si

144 3075 193 3134 est
216 3071 370 3155 jejunium
401 3075 473 3157 lege
501 3076 738 3158 praescriptum.
795 3080 822 3138 7.
849 3071 1014 3154 Responde
1040 3071 1107 3154 ipse
1134 3069 1197 3132 tuis
1224 3068 1322 3151 ipsius

146 3170 392 3257 cogitationibus
423 3173 519 3238 simili
549 3177 643 3237 modo
665 3174 769 3238 dicens
795 3177 831 3235 ut
853 3171 997 3234 dominus
1027 3175 1113 3232 tuus:
1149 3166 1224 3231 Non
1253 3167 1322 3229 solo

144 3291 225 3352 pane
246 3271 324 3335 vivit
344 3272 449 3350 homo,
472 3274 527 3337 sed
550 3273 636 3336 omni
657 3273 760 3351 verbo,
782 3272 867 3355 quod
889 3269 1031 3353 procedit
1052 3291 1089 3331 ex
1113 3288 1167 3329 ore
1189 3265 1259 3329 Dei.

230 3374 256 3435 8.
267 3368 412 3434 Ceterum
422 3373 483 3436 hoc
497 3372 639 3436 verbum:
655 3370 698 3435 Ut
713 3370 765 3435 hic
779 3370 859 3453 lapis
873 3369 928 3432 fiat
943 3368 1041 3450 panis,
1057 3388 1145 3429 suam
1162 3364 1323 3448 propriam

145 3467 242 3532 habet
267 3470 461 3555 allegoriam.
505 3480 533 3539 9.
561 3470 621 3546 Qui
647 3470 729 3533 enim
757 3473 865 3533 amant
885 3468 1059 3545 thesauros,
1090 3469 1195 3528 errant
1220 3469 1252 3529 et
1279 3465 1323 3528 ita

146 3574 353 3652 componunt,
379 3576 414 3634 ut
436 3572 496 3636 dici
524 3569 636 3654 possit,
666 3569 787 3652 lapides
818 3589 885 3631 esse
915 3566 1088 3629 thesauros.
1136 3571 1182 3631 10.
1205 3566 1323 3627 Amant

216 3837 241 3903 1)
260 3836 356 3890 Leider
373 3836 409 3891 ist
426 3855 454 3891 es
471 3838 524 3891 mir
545 3837 622 3890 nicht
643 3835 776 3905 mdglioh,
793 3851 846 3888 von
865 3833 967 3886 diesem
984 3830 1058 3884 Teile
1080 3829 1129 3881 der
1145 3827 1174 3881 C.
1191 3827 1225 3880 H.
1244 3826 1323 3879 einen

147 3919 275 3973 besaeren
295 3921 364 3975 Text
390 3923 431 3975 als
457 3923 510 3976 den
532 3921 761 3990 Hanebergschen
782 3937 815 3973 zu
836 3918 931 3986 geben
968 3915 1044 3969 Doch
1070 3912 1233 3966 versicherte
1250 3909 1323 3962 mich

148 4002 217 4058 Herr
233 4003 280 4057 Dr.
299 4003 438 4059 iohannes
460 4007 632 4063 Bachmann,
660 4005 721 4058 dass
748 4003 847 4073 genade
874 4001 961 4054 dieser
981 3998 1039 4052 'l'eil
1066 3997 1114 4049 der
1136 3983 1324 4062 Ubersetaung

147 4087 306 4158 Hanebergs
334 4108 367 4143 au
384 4091 579 4144 wesentlichen
597 4089 781 4143 Korrekturen
807 4087 883 4140 nicht
900 4083 999 4138 Anlass
1027 4080 1104 4152 gebe.
1139 4080 1197 4133 Nur
1218 4079 1263 4132 die
1284 4095 1322 4131 er·

148 4173 299 4228 kldrenden
317 4173 430 4226 Zusatze
447 4174 605 4242 Hanebergs
622 4173 694 4227 habe
711 4172 756 4225 ich
772 4170 902 4232 entiernt,
927 4169 983 4222 und
1002 4168 1055 4221 den
1073 4182 1095 4220 o.
1113 4164 1143 4217 in
1165 4163 1238 4218 aeine
1256 4161 1323 4216 awai

147 4257 231 4323 Tolle,
249 4256 322 4311 diese
339 4257 441 4311 wieder
457 4257 486 4310 in
504 4257 696 4327 Paragraphen
713 4256 823 4324 aerlegt.
