2934 4860
143 342 199 401 ΙΙΙ)
621 336 736 391 Zweiter
754 336 821 390 Teil.

140 503 191 566 fiir
212 500 292 568 Iren.
322 503 391 566 eine
424 503 661 588 grundlegende
690 504 936 585 Heilstetseche‚
967 506 1039 571 weil
1073 507 1173 570 durch
1201 506 1245 570 sie
1268 507 1315 570 die

141 602 274 686 riehtige
307 603 560 668 Beschaffenheit
588 605 643 669 der
670 605 882 670 constitution
910 605 1025 672 Christi
1056 606 1224 690 engezeigt
1254 609 1314 670 und

143 702 313 785 gerantiert
327 704 376 768 ist.
400 704 478 768 Wer
494 705 603 768 derum
615 705 687 786 jone
703 705 872 785 bestreitet,
887 707 1008 770 streitet
1022 706 1120 770 dernit
1134 727 1238 791 gegen
1252 707 1316 770 sein

142 801 264 886 eigenes
281 803 368 879 Heil;
390 807 471 868 denn
494 827 585 869 wenn
601 804 744 870 Christus
765 805 852 869 nicht
873 805 1019 870 wirklieh
1041 809 1096 869 das
1112 805 1241 871 Fleisch
1265 809 1316 870 des

144 900 314 967 Mensehen
330 905 445 982 besenes,
459 927 495 969 so
512 904 566 968 hot
580 927 613 968 er
628 905 727 969 dieses
742 905 830 970 nieht
844 909 1010 989 vergottet:
1030 905 1085 978 ΙΙΙ,
1103 911 1151 984 22,
1166 914 1180 971 1
1199 906 1226 969 si
1237 905 1317 969 enim

143 1023 207 1064 non
230 1003 350 1087 accepit
372 1005 412 1068 eb
434 1005 561 1069 homine
582 1005 788 1069 substantiam
803 1005 904 1069 cernis
919 1027 1021 1089 neque
1036 1005 1133 1069 homo
1149 1006 1254 1070 fectus
1274 1011 1318 1069 est

143 1124 242 1184 neque
272 1103 356 1166 filius
385 1104 535 1182 hominis,
565 1104 604 1170 ef.
626 1103 680 1181 IV,
696 1110 744 1184 38,
762 1112 792 1182 13
821 1105 1023 1180 endrerseits,
1055 1128 1147 1170 wenn
1176 1105 1318 1170 Christus

144 1201 233 1266 nicht
255 1205 308 1265 das
331 1203 424 1266 Wort
446 1203 569 1282 GotteS,
596 1207 731 1268 sondern
753 1204 875 1270 blosser
902 1205 1032 1269 Menseh
1058 1225 1204 1289 gewesen
1231 1210 1319 1276 wine,

145 1305 253 1366 wtirde
279 1304 376 1367 durch
398 1305 452 1367 ihn
479 1308 534 1368 der
561 1305 648 1371 Geist
670 1304 780 1371 Gottes
807 1306 861 1370 der
883 1304 1082 1392 Mensehheit
1107 1305 1198 1370 nicht
1220 1305 1319 1389 cinge

146 1402 241 1486 impft
262 1404 337 1482 sein,
359 1405 493 1468 sondern
509 1406 593 1470 diese
607 1405 639 1469 in
662 1407 716 1471 der
735 1407 821 1471 alten
840 1405 1065 1470 adamitischen
1079 1404 1320 1468 Existenzweise

146 1501 325 1568 verhnrren:
348 1502 402 1583 ΙΙΙ,
420 1512 465 1581 19,
485 1514 497 1571 1
516 1528 623 1570 rursus
638 1510 743 1570 autem
759 1506 813 1590 qni
828 1505 910 1569 nude
925 1509 1049 1569 tantum
1063 1504 1189 1586 (ψιλῶς
1203 1495 1320 1587 μόνον)

147 1602 306 1666 hominem
329 1626 399 1668 eum
422 1605 531 1669 dicunt
551 1628 589 1670 ex
610 1606 730 1689 Joseph
749 1610 939 1690 generatum,
960 1609 1195 1689 perseverantes
1213 1605 1246 1667 in
1260 1625 1321 1667 ser·

146 1702 247 1766 vitute
273 1703 421 1785 pristinae
451 1705 682 1770 inobedientiae
712 1707 904 1784 moriuntur,
934 1708 1096 1769 nondum
1131 1703 1322 1768 commixti

147 1804 242 1867 verbo
276 1803 324 1867 dei
354 1804 465 1887 petris,
495 1828 597 1889 neque-
627 1828 682 1888 per
711 1805 812 1869 filium
841 1805 1048 1890 percipientes
1079 1806 1321 1870 libertatem...

148 1903 329 1988 ignorantes
349 1910 454 1967 autem
476 1928 547 1969 eum
570 1906 624 1990 qni
647 1928 684 1969 ex
712 1904 860 1989 virgine
887 1910 934 1970 est
960 1906 1131 1983 Emennel,
1161 1905 1322 1988 privantur

148 2025 276 2067 munere
299 2004 373 2079 eius,
395 2004 480 2086 quod
503 2010 550 2068 est
571 2006 636 2069 vite
657 2008 783 2069 aeterna
798 2058 804 2069 .
820 2057 826 2070 .
843 1999 909 2088 .μὴ
924 1998 1096 2089 δεξάμενοι
1112 1997 1178 2087 τὴν
1195 1996 1324 2086 δωρεὰν

150 2105 210 2187 τῆς
240 2099 421 2179 υἱοθεσίας,
452 2095 525 2168 ἀλλ’
557 2096 775 2188 ἀτιμάζοντες
800 2097 864 2187 τὴν
890 2099 1059 2188 σὰοκωοιν
1087 2104 1149 2186 τῆς
1174 2103 1324 2185 καθαρᾶς

151 2198 334 2287 γεννήσεως
357 2204 419 2268 τοῦ
443 2198 545 2287 λόγου
566 2205 629 2269 τοῦ
644 2207 729 2270 θεοῦ
750 2206 805 2269 καὶ
822 2197 1091 2288 ἀποστεροῦντες
1112 2195 1175 2266 τὸν
1192 2191 1324 2284 ἄνθρω-

151 2326 219 2367 πον
241 2303 300 2385 τῆς
323 2301 367 2378 εἰς
398 2298 481 2369 θεὸν
507 2296 633 2370 ἀνόδου
654 2306 707 2369 καὶ
734 2299 992 2388 ἀχαριστοῦντες
1018 2303 1069 2387 τῷ
1092 2291 1178 2385 ὑπὲρ
1208 2292 1325 2366 αὐτῶν

153 2402 363 2485 σαρκοεθέντι
385 2398 474 2489 λόγῳ
497 2407 560 2470 τοῦ
582 2405 675 2470 θεοῦ.

236 2502 308 2567 Wie
330 2505 500 2569 {iusserlich
522 2504 696 2569 realistiseh
714 2505 793 2570 Iren.
816 2507 865 2570 die
881 2505 1065 2587 Mitteilung
1085 2503 1139 2567 der
1153 2502 1327 2588 ghttlichen

153 2604 292 2682 Qualiter
312 2627 353 2667 en
379 2605 428 2669 die
450 2605 662 2682 Mensehheit‚
689 2606 738 2671 die
764 2606 893 2671 insertio
914 2605 1056 2689 spiritus,
1078 2604 1224 2678 auffnmt,
1246 2601 1328 2684 zeigt

154 2704 221 2768 sich
251 2703 350 2782 dorin,
381 2703 451 2768 dass
478 2726 511 2768 er
536 2705 593 2768 eut'
616 2703 724 2768 Grund
751 2728 812 2769 von
838 2704 880 2770 Jo
896 2707 953 2772 8⁵⁷
974 2703 1136 2781 annimmt,
1168 2700 1263 2765 Jesus
1285 2700 1329 2764 sei

154 2804 333 2868 anntihernd
356 2811 394 2869 50
410 2803 506 2869 Jahre
524 2806 570 2870 alt
593 2806 767 2890 geworden,
790 2805 861 2869 weil
884 2829 916 2869 er
934 2804 1022 2886 jedes
1035 2800 1236 2867 hebensalter
1257 2821 1330 2864 vem

155 2905 238 2969 ltind
260 2904 309 2968 his
332 2927 403 2966 zum
419 2903 526 2969 Greisc
541 2906 642 2970 erlebt
663 2906 765 2969 haben
787 2915 899 2984 mtisse,
921 2927 973 2969 nm
996 2904 1063 2967 ihm
1086 2906 1146 2967 den
1163 2902 1252 2966 Geist
1265 2900 1329 2964 ein·

155 3004 301 3068 nubitden
323 3004 387 3067 und
409 3026 441 3067 cs
463 3028 502 3070 zu
523 3011 700 3089 vergotten:
730 3005 785 3083 ΙΙΙ,
808 3012 887 3084 18,7
914 3007 1105 3089 quapropter
1126 3024 1182 3086 per
1204 3023 1330 3066 omnem

155 3104 241 3169 venit
265 3109 410 3181 aetatem,
443 3105 587 3169 omnibus
614 3107 781 3170 restituens
807 3129 873 3170 cem
897 3127 979 3188 quae
1001 3108 1049 3168 est
1070 3104 1109 3167 ed
1131 3107 1225 3168 deum
1247 3123 1330 3166 com·

157 3205 337 3269 munionem
350 3206 379 3284 ¹).

242 3306 317 3369 Men
341 3305 418 3368 wird
442 3310 596 3370 trotzdem
623 3310 678 3370 das
701 3304 804 3371 Urteil
826 3306 915 3370 nieht
936 3302 1189 3368 zurdcknehmen
1213 3303 1333 3380 dhrfen,

159 3407 230 3469 dass
263 3406 318 3468 des
340 3405 417 3468 Heil
442 3407 486 3469 im
508 3405 654 3489 Principe
681 3406 776 3471 allein
802 3406 859 3469 anf
881 3406 937 3469 der
954 3402 1252 3488 Menschwerdung‚
1278 3402 1336 3465 auf

160 3509 214 3568 der
236 3505 382 3568 Ankunft
404 3505 521 3570 Christi
543 3507 586 3570 im
601 3507 743 3571 Fteisehe
766 3507 829 3570 und
850 3505 939 3569 nieht
960 3504 1017 3567 anf
1035 3502 1153 3566 seinem
1168 3501 1271 3566 Leben
1290 3501 1334 3564 im

160 3605 302 3669 Fleisehe
333 3606 452 3669 heruht.
494 3607 604 3670 Dieses
631 3607 686 3670 hot
716 3606 805 3670 nicht
834 3605 934 3669 sowol
960 3604 1019 3667 den
1041 3601 1134 3666 Wert
1163 3601 1250 3666 einer
1279 3604 1334 3664 dns

247 3810 272 3874 1)
291 3806 325 3871 ΙΙ,
337 3807 377 3869 22,
391 3808 407 3858 4
426 3824 519 3861 omnes
538 3806 612 3861 enim
631 3806 708 3860 venit
721 3823 770 3875 per
782 3804 963 3874 semetipsum
974 3802 1094 3856 salvare:
1113 3818 1208 3856 omnes
1219 3801 1334 3870 inquom

162 3893 210 3960 qui
228 3910 276 3961 per
294 3909 359 3946 eum
376 3895 560 3945 renaseuntur
577 3891 607 3945 in
626 3892 720 3952 deum,
743 3890 863 3944 infantes
885 3893 915 3944 et
931 3887 1064 3958 parvulos
1083 3887 1112 3940 et
1129 3902 1231 3955 pueros
1249 3889 1279 3939 et
1297 3885 1335 3939 iu·

162 3995 245 4033 venes
268 3979 296 4031 et
319 3975 446 4030 seniores.
475 3977 536 4030 ideo
560 3995 609 4045 per
632 3994 743 4030 omnem
765 3974 842 4029 venit
865 3976 989 4028 aetatem
1012 3975 1042 4026 et
1066 3970 1224 4026 infantibus
1244 3971 1336 4025 infans

163 4065 261 4122 fectus,
281 4061 458 4116 sanctificans
471 4062 605 4116 insontes:
625 4061 654 4114 in
667 4060 789 4130 parvulis
808 4058 951 4128 parvulus,
964 4056 1142 4111 sanctificans
1158 4055 1234 4110 hanc
1247 4057 1336 4125 ipsam

163 4150 301 4202 habentes
320 4150 442 4201 aetatem
461 4148 542 4201 simul
562 4150 591 4201 et
610 4147 768 4215 exemplum
786 4144 842 4198 illis
860 4143 976 4213 pietatis
994 4141 1109 4196 effectus
1128 4142 1158 4193 et
1169 4140 1295 4194 iustitiae
1308 4143 1337 4194 et

165 4233 356 4288 subiectionis:
380 4232 408 4285 in
434 4232 579 4286 iuvenibus
602 4231 721 4295 iuvenis,
745 4229 903 4298 exemplum
926 4227 1073 4281 iuvenibus
1097 4225 1164 4279 fiens
1188 4227 1219 4280 et
1236 4225 1336 4279 semcti-

165 4321 249 4375 fioans
268 4320 387 4373 domino.
410 4318 449 4372 sic
466 4321 496 4371 et
513 4317 604 4370 senior
622 4317 650 4369 in
669 4314 876 4369 senioribus...
